3042 4817
547 260 624 323 uu.
640 263 703 323 ιιι.
734 258 824 325 σεο.
844 264 913 325 vu.
1196 235 1280 323 285

185 406 297 479 ἔπειτα
312 407 349 471 δέ
367 408 457 493 arieti
467 409 523 472 καί
540 404 739 495 ἓτεροιζοόσεί
751 410 931 495 τριάκοντα,
956 407 1012 493 τὴν
1033 408 1166 495 όνδρίαν
1181 411 1283 497 ζηλοό-

185 529 309 581 οαντες.
352 502 382 569 ot
403 507 440 571 tt
458 506 720 587 ἔναττομείναντες
741 504 890 593 ἡμέτεροι
904 510 939 574 ἐν
958 510 1003 597 τῷ
1024 512 1122 592 τείχει
1140 510 1283 577 κατεκόν-

185 608 273 683 τιζον
294 601 416 680 αότοός
449 608 507 669 καί
533 610 660 688 βέλεσιν
689 604 823 689 ἔβαλλον
843 610 900 672 καί
924 609 1034 683 λίθους
1054 609 1283 694 όπερμεγεθεῖς

185 703 312 771 έκόλιον
333 707 401 770 κατ’
424 704 547 771 οιότιόν·
568 708 645 771 δέκα
666 712 723 771 καί
746 705 830 771 όκτοό
852 708 886 786 ἐξ
906 708 1020 797 αότιόν
1033 702 1281 793 οἷπεκρήμνισαν.

157 802 205 879 §si
228 806 267 869 δέ
285 803 439 889 Χασόνης
458 808 498 869 οδ
517 804 673 891 πρότερον
696 808 812 890 έπέσχε
835 806 893 891 τὴν
914 802 1058 893 όρμίμιῆ
1079 810 1226 876 α’νελθεῑν
1245 814 1280 879 ἐν

185 911 254 978 τοῖς
273 908 392 986 τείχεσι
407 905 463 968 καί
473 908 660 989 τρέψασθαι
677 902 754 983 τοός
774 902 955 991 ἡμετέρους.
979 908 1072 991 ἡνίκα
1093 912 1169 992 γοῦν
1188 908 1281 996 έκρό·

185 1024 262 1086 τησε
290 1006 347 1085 τῆς
379 1003 624 1087 ἐπιχειρήσεως,
652 1008 710 1070 καί
740 1005 842 1091 ἕτεροι
872 1006 984 1071 πολλοί
1009 1006 1282 1095 ἀκολουθήσαντες

186 1102 361 1185 α’νὴρχσντο
380 1104 426 1178 είς
447 1102 483 1167 τό
505 1113 619 1187 τεῖχος.
670 1108 727 1169 καί
744 1106 821 1181 τοός
843 1106 1072 1188 ἀναβαίνοντας
1095 1108 1154 1173 ουίι
1174 1108 1279 1197 ἔφθα-

187 1224 250 1264 σαν
271 1198 404 1265 κοιλόειν
423 1200 455 1266 οἱ
473 1202 623 1287 ἡμέτεροι
650 1203 706 1269 διό
727 1204 785 1290 τήν
806 1203 984 1291 όλιγότητα·
1026 1203 1057 1270 οἱ
1078 1209 1113 1275 δέ
1135 1213 1280 1293 πολέμιοι

136 1303 308 1385 ,οπλῆθος
329 1294 422 1384 ἦσαν.
474 1310 543 1377 τοῖς
564 1303 601 1367 δέ
620 1301 761 1385 οἷναβᾶσι
781 1307 1014 1385 συμπλέκοντες
1033 1304 1203 1390 έμᾴχοντο,
1225 1313 1282 1375 καί

185 1393 228 1483 ἧν
255 1401 315 1487 οόιι
346 1398 450 1483 όλίγος
473 1402 581 1466 αότιόν
615 1401 759 1489 όφόνος.
802 1406 858 1468 καί
885 1401 1078 1490 όνΧασοίνης
1098 1407 1280 1491 μαχόμενος

185 1498 419 1584 προσπαιοθείς
446 1503 547 1590 πέτρα
578 1499 645 1566 τινί
677 1506 858 1568 κατέπεσεν.
916 1504 1159 1591 ἐπιστραφέντες
1187 1510 1223 1573 δὲ
1251 1504 1281 1573 οἶ

183 1598 335 1684 ἡμέτεροι
355 1603 412 1663 καί
433 1597 555 1677 ἰδόντες
574 1598 674 1667 αότόν
701 1606 845 1684 κείμενον
865 1604 995 1683 πέτραις
1013 1600 1144 1685 ἔβαλλον
1165 1603 1281 1672 πόντοι

184 1704 265 1765 θεν·
308 1697 327 1764 ό
350 1702 386 1765 δέ
404 1703 451 1775 εἰς
471 1698 548 1783 γόνυ
564 1700 743 1778 διαναστὰς
754 1700 900 1785 η’μόνετο,
920 1700 983 1765 ainsi
1004 1705 1040 1766 δὲ
1058 1706 1117 1767 τοῦ
1137 1701 1282 1789 πλήθους

136 1800 248 1873 ιότόν
274 1794 465 1885 τρουμότοον
484 1804 625 1885 παρείθη
643 1798 703 1884 την
730 1798 837 1879 δεξιόν
857 1803 914 1865 καί
932 1803 1121 1887 κατεχώσθη
1143 1812 1206 1881 τοῖς
1226 1806 1280 1887 βέ«

184 1906 268 1965 λεοι.
319 1900 376 1964 καί
406 1897 508 1983 ’ἕτεροι
541 1901 654 1964 πολλοί
683 1899 925 1985 ἀπεκτάνθησαν
953 1902 1009 1965 καί
1026 1898 1206 1987 ἐπλήγησαν
1226 1908 1283 1984 καί

184 1998 290 2065 ἕνεκεν
317 2002 380 2065 τῶν
411 1996 604 2084 τραυμάτων
638 1998 719 2083 πρός
744 2000 779 2062 τὸ
810 1997 1023 2079 στρατόπεδον
1051 2002 1280 2087 ἐκομίσθησαν.

186 2093 255 2165 εἶτα
277 2104 429 2165 τοοοτῖτον
461 2098 585 2182 όναβοὶν
611 2097 647 2163 τό
667 2101 790 2181 πλῆθος
810 2102 875 2163 τοῖν
895 2098 1054 2179 πολεμίων
1073 2097 1149 2176 τοός
1168 2097 1282 2185 ἢμετέ-

186 2220 263 2281 ροος
287 2201 513 2281 διεσκέδασαν,
544 2199 600 2263 καί
618 2198 753 2284 οἰφέντες
781 2195 856 2275 τοός
875 2194 996 2274 ἔξωθεν
1015 2202 1140 2281 τείχους
1160 2196 1281 2267 ἔσωθεν

131 2296 242 2368 notri
266 2300 323 2381 τῆς
342 2296 444 2383 πόλης
463 2296 590 2381 ἔβαινον
609 2299 849 2372 καταπατῶντες
868 2290 914 2373 εἷς
934 2300 989 2365 τόν
1010 2296 1127 2382 ἔτερον.
1176 2302 1281 2366 ταότα
1375 2298 1379 2305 ’

185 2401 224 2463 δὲ
244 2392 345 2473 οότως
361 2395 472 2480 ἔχοντα
486 2399 543 2461 καί
561 2391 716 2483 φανήτις
735 2398 855 2481 έρρέθη
870 2394 992 2462 ἔσωθεν
1010 2402 1068 2463 καί
1086 2395 1207 2479 ἔξωθεν
1226 2400 1283 2465 καί

183 2500 222 2563 έκ
242 2500 302 2562 rosi
321 2496 440 2581 μέρους
457 2500 516 2562 τοῦ
533 2499 658 2577 λιμένος
673 2490 788 2561 “idion
801 2494 836 2560 τό
861 2496 1025 2581 φροόριον,
1048 2498 1105 2561 καί
1122 2496 1161 2563 τό
1182 2522 1281 2583 στρα-

183 2596 295 2681 τήγεια
314 2600 372 2661 καί
390 2594 430 2661 τό
453 2604 577 2679 σημαῖα
595 2589 721 2661 ἔκτοθεν
740 2598 776 2661 όν
796 2603 861 2673 τοῖς
880 2593 1012 2681 πόργοις
1038 2593 1208 2683 ἔστησαν.”
1226 2594 1284 2663 καί

184 2694 319 2785 ἧφοονῆ
338 2695 414 2774 τοός
446 2697 619 2783 ἡμετέρους
646 2698 819 2781 ἐτρέψατο,
852 2692 929 2771 roric
962 2699 999 2762 δὲ
1019 2696 1187 2781 πολεμίους
1206 2696 1281 2763 α’νε-
1360 2776 1372 2787 .

138 2924 143 2935 ,
260 2870 300 2937 ιλ.
321 2867 446 2955 ipsiquo
464 2867 727 2954 M,'tor1potrtroP
842 2864 883 2917 ιδ.
903 2865 1095 2938 δπνλγηοιινΡ
1202 2864 1279 2935 absi

239 2940 351 3013 ·φωνη]
370 2958 402 2994 το
420 2952 600 3011 στρατηγημα
619 2938 638 2989 Ρ

185 3089 284 3153 cessit,
301 3086 410 3139 circiter
426 3085 537 3155 triginta
556 3083 665 3136 virtutis
683 3080 796 3134 aemulis
815 3079 1003 3149 seqsaentibus.
1024 3080 1110 3132 nostri
1123 3086 1279 3134 manserunt

184 3161 215 3212 in
232 3174 327 3221 muro,
348 3175 394 3209 eos
415 3174 449 3208 ue
477 3155 574 3207 iaculis
593 3161 623 3206 et
646 3152 791 3223 grandibus
810 3152 881 3205 saxis
900 3157 1065 3221 exceperunt
1082 3158 1165 3221 atque
1185 3148 1279 3203 decem

187 3240 217 3283 et
240 3240 301 3283 octo
332 3227 398 3280 detu
431 3234 520 3279 arunt
547 3242 640 3278 verum
665 3224 800 3276 Cbasaues
828 3240 885 3274 uon
910 3223 986 3291 prius
1005 3221 1110 3273 remisit
1128 3224 1279 3291 impetum,
1325 3215 1333 3231 ⁰

186 3318 286 3372 quam,
307 3316 416 3352 mceneo
435 3314 527 3361 muro,
543 3304 652 3349 nostros
675 3293 790 3362 fugaret.
819 3302 964 3363 postquam
990 3294 1074 3360 igitur
1091 3307 1156 3344 auso
1176 3293 1279 3362 potitus

187 3380 247 3436 est,
264 3372 345 3424 etiam
372 3369 453 3421 multi
471 3368 530 3433 atii,
556 3384 617 3419 eum
636 3366 731 3428 secuti,
756 3364 786 3415 in
805 3380 911 3417 murum
931 3362 1091 3427 evadebant,
1106 3380 1174 3433 quos
1194 3364 1279 3416 nostri

185 3451 300 3513 propter
326 3442 491 3511 paucitatem
513 3436 659 3509 prohibere
675 3452 744 3488 *non
761 3443 898 3505 poterant,
928 3452 1011 3505 quum
1031 3434 1150 3487 hostium
1168 3449 1279 3501 magnus

184 3518 315 3566 numerus
339 3520 420 3565 esset
439 3510 574 3580 proelium
595 3516 689 3560 tamen
707 3522 768 3556 cum
786 3507 829 3569 iis,
850 3506 898 3575 qui
917 3506 1107 3568 ascenderent,
1135 3502 1280 3556 commis&

185 3594 252 3637 runt
268 3580 298 3636 e't
322 3599 378 3635 non
396 3583 519 3651 exiguam
537 3580 566 3631 in
584 3594 631 3630 eos
659 3576 806 3628 ediderunt
826 3576 945 3627 caedem.
965 3578 1024 3647 ipse
1043 3576 1187 3639 Charonea,
1206 3578 1279 3628 iuter

184 3654 363 3727 pugnandum
384 3669 448 3705 suxo
467 3656 594 3714 offensus,
611 3647 766 3718 procubuit·
789 3662 871 3716 queem
890 3664 973 3717 quum
993 3648 1114 3699 conversi
1131 3648 1216 3698 nostri
1235 3648 1279 3696 ia-

185 3735 295 3780 centem
313 3724 416 3786 vident,
433 3721 541 3793 lapides
561 3718 683 3789 undique
700 3721 730 3773 in
746 3734 808 3769 eum
816 3718 985 3789 conficiunt.
1005 3717 1053 3769 ille
1075 3719 1104 3769 in
1115 3732 1201 3786 genua
1219 3718 1279 3769 eni.

186 3815 251 3860 sus,
269 3796 428 3867 pugnabat,
455 3792 504 3845 sed
522 3809 585 3845 mox
602 3792 741 3862 plagarum
760 3788 939 3841 multitudine
965 3788 1090 3842 manibus
1108 3788 1231 3857 elanguit
1251 3794 1281 3839 et

184 3870 251 3921 telis
272 3866 386 3919 obrutus
404 3871 454 3916 eet.
479 3864 559 3916 multi
576 3864 643 3915 item
661 3862 709 3911 alii
728 3868 777 3911 aut
793 3861 885 3923 occisi,
904 3866 953 3911 aut
968 3860 1103 3912 vulnerati
1121 3865 1150 3910 et
1168 3865 1281 3929 propter

185 3941 281 4010 pingas
300 3938 330 3988 in
348 3942 434 3988 castra
456 3934 586 4004 asportati
607 3939 679 3985 suut.
705 3929 816 3983 tandem
836 3930 928 3983 hostes
946 3931 1102 3983 catervatim
1121 3945 1199 3981 muro
1228 3944 1280 3999 po-

183 4012 241 4075 titi,
257 4017 365 4062 nostros
383 4005 556 4074 dissiparunt,
574 4005 640 4074 qui,
658 4002 762 4054 relictis
781 4001 963 4054 exterioribus
980 4000 1132 4061 moenibus,
1149 4016 1198 4070 per
1215 4017 1279 4070 por-

183 4090 242 4134 tam
262 4084 292 4133 in
311 4078 406 4131 urbem
427 4076 606 4145 irrumpentes
626 4074 740 4125 invicem
762 4088 790 4124 se
804 4072 1009 4125 conculcabant.
1029 4070 1094 4123 baec
1112 4071 1175 4134 dum
1195 4088 1280 4140 agun-

186 4163 250 4217 tur,
282 4154 356 4203 intus
375 4156 403 4202 et
421 4156 497 4201 extra
516 4156 545 4199 et
569 4145 604 4197 ad
621 4154 728 4216 portum
746 4144 878 4197 clamatur
898 4142 996 4213 “capta
1022 4151 1063 4195 est
1082 4160 1138 4205 arr,
1157 4143 1279 4209 signant
