3042 4817
531 333 608 397 run.
629 338 686 396 ru,
710 335 800 397 cau.
823 338 873 397 cv.
1186 311 1263 394 261

176 484 258 556 τινὲς
273 479 301 545 oi
316 481 361 565 ,οη
375 480 545 563 δυνάμενοι
554 482 791 568 μάχεαθαιιλιά
805 480 941 569 γῆραςῆ
962 488 1003 549 δι’
1024 482 1136 569 ἑτέραν
1156 488 1271 571 αίτίαν,

177 581 254 657 τοὺς
266 575 380 661 άρτους
391 584 447 645 καί
457 586 523 645 πᾶν
535 582 697 665 βρώσιμον
711 585 906 665 όιαμιρίζειν
919 589 953 651 ἐν
971 594 1037 661 τοῖς
1057 584 1153 664 οἴκοις
1173 587 1228 651 καί
1238 590 1273 653 ἐν

178 690 242 755 τοῖς
261 676 392 762 πόργοις
412 678 490 745 κατά
512 681 568 764 τὴν
587 682 757 764 άναλογάνν
778 680 847 759 ἑνός
869 679 1010 749 ἑκάστου.
1031 685 1087 749 καί
1098 682 1116 749 ό
1136 684 1273 768 πόλεμος

179 779 383 863 ἧμόρανααθ1
402 778 527 864 ἡμέραν
543 773 658 864 ηόξανο
672 781 726 845 όιά
740 780 777 845 τό
793 788 866 846 καθ’
887 777 1019 867 ἑκάστην
1031 787 1075 859 τίς
1088 783 1162 859 τοός
1182 789 1272 849 ἐναν-

153 882 266 953 5τίους
287 880 322 942 ἐκ
342 882 401 942 τοῦ
421 882 476 960 τῆς
504 878 614 953 Ἀσίας
636 883 785 959 κλίματος
816 884 886 956 νέος
912 882 1051 965 στρατός
1072 885 1110 948 ori
1134 886 1273 949 διέλιπον

181 974 354 1059 ἔρχεσθαι·
375 977 415 1043 τοὶ
430 980 466 1042 δὲ
480 978 615 1061 ἡμέτερα
628 975 829 1061 όλιγόστεοον
843 983 898 1045 καί
911 982 1143 1065 ἐταπεινοῦντο,
1165 980 1271 1067 ιόοπερ

144 1144 147 1151 ,
181 1074 297 1159 σελήνη
317 1076 520 1162 λειψάροοτος,
549 1076 602 1140 tui
624 1076 680 1142 τόν
702 1078 920 1163 καθημερινὸν
940 1076 1089 1146 θάνατον.
1132 1086 1214 1158 τινὲς
1236 1085 1273 1147 di

181 1176 218 1239 a'sr
247 1176 310 1240 τόν
328 1174 490 1259 ἡμετέρων
510 1170 654 1251 άποιθκΐς
681 1180 736 1241 καί
756 1178 969 1261 ἀπάνθρωποι
993 1178 1033 1243 τό
1055 1180 1143 1264 ἡμῶν
1162 1204 1274 1245 sarrec-

183 1276 321 1338 νοόοθαι
340 1277 514 1354 βλέποντες,
538 1274 685 1358 εὑρόντες
706 1274 760 1341 τόν
775 1276 886 1358 καιρόν
902 1281 948 1353 εἰς
967 1277 1024 1354 τάς
1044 1278 1183 1364 πονηράς
1203 1280 1274 1362 ripi-

138 1378 258 1450 ιοξεις,
291 1374 418 1449 στάσεις
445 1374 502 1437 καί
529 1376 765 1451 α’καταστασίας
789 1380 862 1440 καθ’
895 1377 1016 1461 ἡμέραν
1043 1380 1190 1460 ἐποίουν,
1221 1386 1277 1444 καί

184 1466 294 1556 όβροις
313 1476 368 1535 καί
386 1470 547 1557 λοιδορίας
563 1474 609 1547 εἷς
631 1471 690 1549 τάς
710 1480 860 1551 πλατείας
879 1476 934 1541 καλ
954 1476 1062 1559 ρόμας,
1078 1482 1134 1561 τῆς
1154 1478 1276 1553 πόλεως

183 1568 260 1635 κατά
280 1573 337 1636 τοῦ
354 1573 532 1653 δυστυχοῦς
553 1576 710 1653 βασιλέως
730 1571 785 1637 καί
807 1575 871 1638 reia
889 1570 1004 1659 ἑτέρων
1025 1574 1188 1657 α’ρχόντων
1210 1578 1275 1654 ἐξί-

181 1694 258 1753 χεον
285 1672 320 1734 ἐκ
346 1673 405 1734 aad
430 1674 551 1752 μιαροῦ
582 1671 691 1735 adenis
719 1675 895 1756 λάρυγγος,
927 1675 1007 1758 μήτε
1031 1673 1084 1739 τόν
1117 1674 1194 1739 θεόν
1215 1698 1276 1760 φο-

183 1769 335 1851 βούμενοι
365 1765 446 1851 pariae
474 1768 532 1833 τόν
565 1773 701 1851 βασιλέα
740 1764 763 1854 ἢ
792 1770 866 1846 τοός
902 1772 1090 1857 ἀνθρώπους
1128 1772 1276 1856 ἐντρεπό-

139 1870 283 1949 τόμενοι.
326 1866 422 1942 αότός
450 1867 487 1931 di
504 1865 532 1953 [ci
552 1868 818 1954 τρισμακάριστος
847 1870 881 1935 τό
905 1876 964 1935 rori
984 1875 1090 1955 Δαβίό
1107 1872 1202 1957 ῥητόν
1219 1900 1276 1955 μι.

184 1965 341 2049 μοόμενος
361 1966 397 2031 τό
415 1965 506 2050 “ἐγοό
524 1967 561 2031 te
584 1966 664 2033 niuei
681 1968 790 2053 auspic
811 1968 868 2032 οόκ
889 1964 1003 2053 ἢκουον
1024 1970 1080 2035 καί
1099 1968 1177 2035 ὡσεί
1196 1968 1276 2036 ἅλα.

185 2073 240 2142 λος
263 2066 423 2150 ἐγενόμην,
444 2067 499 2130 καί
522 2067 674 2152 ἐγενόμην
697 2068 776 2132 niues*
797 2062 968 2153 ἅνθρωπος
996 2069 1053 2134 oris
1078 2066 1201 2134 άκοόιον
1222 2074 1279 2136 καί

185 2166 246 2228 oria
264 2163 349 2248 ἔχων
371 2169 406 2229 ἐν
425 2168 471 2251 τῷ
490 2162 752 2257 στόματιιαότοῦ
773 2168 934 2250 ε’λεγμοός,
958 2163 1006 2233 ότι
1027 2166 1064 2249 οἱῚ
1078 2172 1195 2253 ἐχθροί
1212 2194 1277 2251 μου

186 2264 265 2344 tuos
295 2262 349 2327 καί
377 2266 625 2347 κικραταίιονται
660 2264 743 2349 όπλρ
773 2268 848 2348 ἐμέ,
891 2263 940 2331 ότι
969 2265 1216 2351 λπληθόνθηοαν
1245 2266 1277 2333 οἱ

136 2365 353 2444 οομιοοόντές
381 2384 422 2443 με
459 2355 604 2437 άόίκως.”
657 2363 714 2429 καί
741 2368 824 2439 τινὲς
850 2368 911 2445 μὲν
943 2362 1165 2450 προσήρχοντο
1190 2368 1277 2453 odessi

186 2463 325 2545 λέγοντες
345 2456 397 2524 ότι
418 2460 436 2523 ό
455 2462 543 2526 δεῖνα
565 2464 621 2527 καί
648 2462 667 2526 ό
686 2466 774 2528 δεῖνα
800 2461 875 2528 auide
897 2461 980 2549 ἔφη·
1022 2468 1114 2530 τινοῖν
1134 2466 1169 2529 δὲ
1189 2488 1278 2549 περι-

186 2562 297 2627 ποτόν
314 2554 423 2645 ἤκουε.
475 2565 531 2626 καί
559 2562 594 2626 όν
624 2557 704 2645 ἡμῖν
725 2554 895 2651 ἐπληρώθη
911 2552 953 2627 '‘'ui
974 2562 1069 2649 ῥητόν
1091 2563 1124 2628 τό
1156 2562 1277 2649 φάσκον

259 2732 286 2784 9.
303 2713 353 2766 seui
377 2707 525 2782 εὐκαιρίαν
547 2711 676 2787 εόρόνῐις
700 2706 772 2766 κατά
800 2708 850 2773 τὰς
868 2709 996 2783 πονηράς
1019 2711 1114 2766 αὐτῶν
1138 2700 1278 2783 όρίξειςΡ

264 2786 303 2839 ι5.
321 2782 496 2857 μακάριοςΡ
545 2792 555 2815 ¹
604 2783 779 2848 ιλάλαλος,
804 2782 858 2838 οὐκ
875 2782 1000 2855 όνοίγυν
1016 2780 1048 2838 τό
1068 2784 1159 2857 στόμα
1181 2782 1276 2838 uisuri.

259 2857 309 2907 arui
326 2856 462 2927 ἐγενόμην
481 2852 501 2905 Ρ

189 3000 297 3059 berent,
315 2998 390 3067 quod
409 2996 522 3049 ederent
530 3002 578 3049 aut
596 2996 733 3061 biberent,
751 2997 893 3053 neoliberi
910 3015 961 3051 neo
976 3014 1083 3061 uxorea,
1102 2998 1140 3050 ita
1158 3014 1188 3049 se
1206 2997 1278 3066 egis·

190 3086 228 3123 se.
245 3068 296 3120 boc
314 3068 426 3129 erudito,
445 3070 593 3137 imperator
613 3070 767 3134 constituit,
793 3078 824 3122 ut
842 3078 979 3141 quotquot
998 3076 1138 3121 senectute
1159 3068 1202 3119 vel
1223 3068 1278 3119 alia

190 3156 221 3192 re
242 3138 452 3209 impedirentur,
481 3154 516 3190 ne
537 3147 695 3208 pugnarent,
713 3140 747 3191 iis
766 3157 816 3210 pro
842 3142 958 3193 cuiusvis
976 3140 1134 3192 conditione
1156 3139 1232 3209 panis
1251 3146 1280 3191 et

189 3212 313 3280 reliquus
331 3208 408 3261 cibus
427 3226 477 3279 per
502 3209 583 3261 aedes
608 3217 636 3263 et
651 3218 738 3262 turres
767 3210 981 3264 distribueretur.
1001 3212 1108 3262 interim
1127 3209 1230 3261 bellum
1249 3208 1280 3261 in

190 3281 249 3335 dies
267 3279 485 3349 ingravescebat,
503 3296 585 3351 quum
603 3280 640 3331 ad
656 3279 748 3332 hostes
773 3298 806 3332 en
822 3282 886 3333 Asis
904 3280 1028 3351 quotidie
1045 3290 1166 3333 recentes
1184 3280 1280 3349 copiae

191 3352 379 3414 adventarent,
396 3358 506 3402 nostrae
522 3359 612 3401 autem
631 3368 673 3402 res
691 3352 772 3403 lunae
789 3351 967 3404 (increscentis
985 3353 1071 3405 instar
1089 3353 1282 3403 imminueren-

191 3433 238 3476 tur
254 3430 283 3475 et
309 3429 522 3473 extenuarentur
544 3420 705 3541 quotidiana
731 3421 822 3473 caede.
849 3424 960 3493 insuper
976 3424 1087 3492 quidam
1106 3422 1140 3473 de
1161 3420 1280 3483 nostris,

191 3502 365 3545 contumaces
384 3500 414 3545 et
431 3492 535 3543 t'eroees
574 3493 688 3553 omines,
705 3508 789 3561 quum
807 3510 856 3545 nos
877 3496 905 3546 in
925 3496 1062 3561 angustias
1081 3492 1179 3544 adduci
1200 3489 1281 3541 vide-

192 3573 271 3626 rent,
296 3564 428 3633 perrersis
456 3564 512 3614 suis
532 3560 728 3632 cupiditatibus
745 3566 914 3615 occasionem
939 3565 1021 3625 uaeti,
1037 3571 1171 3633 perpetuo
1188 3560 1281 3613 turbas

192 3642 223 3687 et
248 3632 397 3685 reditiones
419 3632 591 3696 excitabant,
615 3642 644 3684 et
668 3648 716 3683 ore
742 3634 857 3685 scelesto
878 3652 927 3705 per
948 3634 1053 3703 piateee
1072 3644 1101 3685 et
1116 3634 1189 3684 ricus
1207 3630 1282 3681 urbis

191 3704 340 3757 maledieta
358 3714 387 3755 et
403 3704 579 3755 contumelias
595 3703 625 3753 in
643 3703 832 3772 imperatorem
852 3714 880 3756 et
900 3704 1020 3774 reliquos
1039 3704 1176 3773 principes
1192 3702 1281 3753 conii-

193 3774 312 3836 eiebant,
330 3792 381 3825 nec
400 3773 483 3825 deum
509 3790 562 3825 neo
581 3774 770 3843 imperatorem
796 3776 840 3826 vei
865 3774 989 3827 homiues
1006 3775 1093 3826 veriti.
1119 3782 1147 3825 at
1173 3772 1221 3823 iiie.
1239 3778 1283 3823 ter

192 3846 290 3897 beatus
305 3846 348 3896 vir
372 3842 484 3897 Davidis
509 3843 612 3896 dietum
636 3843 795 3896 imitabatur
814 3843 884 3914 “ego
910 3854 999 3896 autem
1024 3845 1095 3896 sicut
1114 3842 1209 3895 surdus
1225 3858 1282 3895 non
1341 3842 1345 3850 ’

193 3915 354 3978 audiebam,
383 3922 413 3967 et
430 3922 558 3984 tanquam
574 3923 665 3966 mutus
686 3932 776 3976 eram,
797 3916 937 3985 factusque
958 3932 1015 3967 sum
1035 3917 1104 3967 sieut
1123 3914 1204 3966 bomo
1223 3928 1282 3966 non

194 3986 310 4039 audiens
327 4002 379 4037 nee
398 3983 501 4037 babens
517 3986 548 4037 in
564 4002 612 4037 ore
624 3984 835 4053 redargutiones,
853 3989 980 4057 quoniam
1001 3986 1100 4037 inimici
1118 3986 1170 4037 mei
1187 3985 1282 4035 vivunt

194 4067 226 4110 et
243 4057 455 4126 praevaluerunt
477 4072 559 4126 snper
582 4065 671 4108 meet
696 4057 742 4126 qui
763 4056 862 4107 iniuria
879 4072 922 4108 sne
948 4056 1081 4119 ocierunt,
1107 4052 1281 4124 multiplicati

195 4124 284 4180 sunt?
303 4137 333 4181 et
350 4125 464 4179 adibant
487 4141 569 4190 eum,
587 4127 635 4196 qni
658 4135 810 4191 narrarent,
830 4126 903 4179 huno
920 4127 965 4177 vet
984 4127 1060 4178 iilum
1079 4126 1147 4178 talia
1164 4124 1199 4177 de
1220 4124 1279 4191 ipso

196 4199 320 4253 effutire:
338 4198 469 4270 quosdam
487 4197 570 4251 etiam
591 4198 758 4269 praeteriens
777 4198 835 4269 ipse
859 4196 996 4250 audiebat.
1015 4197 1134 4268 denique
1154 4196 1184 4248 in
1200 4192 1280 4247 nobis
