3042 4817
232 273 288 335 ns
314 267 680 338 uasssmomcnusr
699 271 868 339 nxcrmo
885 273 1111 342 usnnsno
1144 249 1227 338 513

132 411 376 503 εύεξαπύτητον,
398 416 502 503 λόγοις
522 417 712 501 ῦπελθύντες
732 422 814 487 πολύ
837 425 872 490 τῦ
896 424 1059 510 δπαγιυγδν
1080 431 1230 512 κεκτημέ-

134 541 203 594 νοις
216 515 403 604 ἐλευθερίαν
415 518 528 596 αὐτοῖς
547 519 756 604 ὑπισχνοῦντο
776 525 910 605 τελείαν,
936 527 966 591 εί
984 526 1135 610 χρήματα
1154 527 1229 592 τού-

133 641 203 693 τοις
221 621 411 701 γνωρίσειαν
439 617 540 682 οἰκεῖοί
559 642 594 684 τε
624 624 679 684 καί
705 621 868 704 α’λλύτρια.
921 622 955 689 αἲ
988 627 1024 688 δὲ
1044 622 1124 708 πρὸς
1146 625 1227 690 αδτδ

132 710 275 794 τούνομα
294 716 351 800 τῆς
371 718 556 801 ε’λεοδεριας
576 717 803 804 α’πατηθεῖσαι,
821 721 985 807 γνωρίζειν
993 722 1095 800 εύθύς
1115 719 1230 810 ἑκάστη

95 817 179 902 §api
199 819 271 902 ίδιλρ
299 818 434 905 δεσπότῃ
464 820 604 903 σπουδῆς
622 815 715 903 ἔργον
741 823 891 905 πεποίητο
914 821 967 886 καί
982 819 1021 888 τοὶ
1040 819 1156 907 ἑαυτῆς
1176 821 1233 890 καί

133 916 195 981 τοῦ
217 913 360 998 γείτονος,
383 915 417 982 εἴ
432 941 502 981 τινα
523 921 599 1003 περί
613 917 733 983 τούτων
754 917 876 1004 εἴδησιν
898 914 992 1005 εἶχεν.
1033 917 1076 1000 οῦς
1096 924 1123 986 δ’
1145 921 1228 1005 α’ρχή

133 1015 231 1078 τοῦδε
255 1015 361 1098 γε’γονε
391 1019 449 1082 τσῦ
465 1020 582 1098 κακοῦ,
603 1019 657 1082 καὶ
685 1017 839 1101 χρήματα
860 1019 972 1085 πολλοί
994 1024 1057 1086 τῶν
1080 1019 1230 1105 Τούρκων

134 1114 274 1197 ἆνεῦρον
309 1117 532 1199 γνωριζοοσύν
560 1115 633 1207 τούς
668 1119 770 1182 ταῦτα
800 1117 994 1202 κρύπτοντας
1019 1120 1136 1196 τύπους
1165 1122 1230 1182 τιῦν

132 1215 302 1295 γυναικοῖν,
325 1211 412 1297 λύγος
430 1220 549 1298 γίνεται
567 1218 643 1302 περί
654 1215 769 1282 τούτου
788 1218 841 1284 διδ
863 1217 982 1293 παντὸς
1001 1221 1058 1284 τοῦ
1076 1214 1231 1302 στρατεύ-

76 1338 123 1378 ιο
134 1333 245 1394 ματος,
269 1311 326 1376 καί
352 1311 467 1390 πάντες
495 1312 527 1380 οἳ
557 1313 766 1399 κατασχόντες
792 1316 1014 1400 αἰχμαλώτους
1037 1315 1229 1402 ἀνθρώπους

133 1409 217 1494 πρδς
235 1411 292 1477 τὸν
319 1407 431 1494 ύμοιον
459 1416 681 1480 διανίστανται
714 1419 823 1500 ζῆλον,
854 1415 929 1492 τούς
955 1421 1014 1498 μὲν
1034 1417 1229 1502 ὑποσχέσεσι

135 1515 448 1594 περικεχρωσμίναις
469 1514 592 1601 α’πύεη,
612 1511 685 1590 τούς
709 1517 745 1578 di
774 1513 876 1600 λύγοις
896 1511 1014 1597 δμοίως
1033 1512 1153 1601 ἑτέροις
1173 1519 1229 1582 ε’πί
1303 1525 1307 1534 “

135 1607 315 1694 φανερώσει
334 1613 397 1676 τοῖν
429 1614 520 1678 ίδίων
540 1616 796 1697 παρακαλοῦντες
823 1616 997 1699 χρημάτων
1024 1613 1081 1680 καί
1098 1617 1285 1702 perosam

137 1711 248 1784 ζοντες.
292 1703 385 1787 ὅσους
404 1713 441 1776 δὲ
463 1713 746 1794 δυσπειθεστέρους
766 1715 829 1776 soie
850 1707 955 1778 ἄλλων
984 1708 1095 1796 ἓιύρων
1118 1705 1227 1800 (iius-

78 1815 122 1876 15
138 1809 190 1885 ζον
211 1806 272 1893 γὰρ
293 1811 358 1875 τοῖν
371 1812 623 1894 νοονεχεστίρων
637 1813 748 1876 πολλοί
767 1814 825 1895 τῆς
838 1813 980 1888 θωπείας
994 1811 1112 1888 αύτούς
1131 1811 1229 1877 ainri-

135 1910 248 1972 δοῦναι
273 1911 330 1973 καί
347 1911 410 1974 sois
429 1914 552 1974 πολλῶν
575 1910 700 1974 ἐκείνων
723 1909 892 1995 οἷπατηλαῦν
913 1909 1033 1994 λόγων,
1056 1911 1252 1978 κάντεῦθεν

134 2007 175 2070 τύ
197 2011 396 2089 κεκρυμμένα
412 2008 619 2093 διατηρῆσαι)
633 2005 755 2083 τούτοις
768 2012 948 2086 πολυειδεῖς
962 2009 1052 2086 τινύς
1071 2012 1229 2094 τιμωρίας

135 2106 262 2190 ἐπῆγον,
283 2107 343 2182 ἕως
365 2107 422 2170 καί
439 2106 569 2182 τούτους
589 2108 636 2180 εἰς
656 2103 795 2191 δνύγκην
805 2109 952 2190 ἐνέβαλον
969 2107 1026 2177 καί
1038 2107 1095 2192 την
1115 2105 1229 2173 ἔνστα-

133 2229 187 2270 σιν
207 2203 334 2270 ἔλυσαν.
384 2199 462 2270 ὅθεν
489 2204 547 2271 καί
572 2209 683 2270 πολλοί
706 2209 768 2272 τοῖν
796 2207 991 2288 δοκούντων,
1026 2204 1134 2289 οἱμὲν
1158 2213 1229 2282 ταῖς

76 2329 126 2372 no
135 2309 291 2380 θωπείαις
319 2308 582 2387 καθυπαχθέντες
602 2302 633 2370 οἱ
651 2307 687 2370 δὲ
707 2304 765 2380 τοὶς
785 2308 940 2392 τιμωρίας
963 2306 1021 2372 οδκ
1042 2305 1229 2386 ε’νεγκύντες,

135 2408 295 2491 φανεροῦν
332 2401 373 2468 τύ
402 2406 603 2484 κεκρυμμένα
633 2405 863 2483 σπουδάζοντες
892 2397 974 2486 ἦσαν
999 2407 1057 2470 καί
1083 2396 1228 2480 ἄκοντες·

133 2501 216 2588 πρὸς
236 2501 297 2586 γὰρ
326 2505 433 2568 πᾶσαν
459 2495 615 2587 σῖνύγκην,
645 2506 702 2566 καί
718 2504 854 2584 μάλισθ’
875 2496 953 2568 ὅταν
975 2500 1117 2578 θάνατος
1145 2495 1169 2591 ᾖ
1191 2503 1227 2570 τύ

133 2606 352 2688 προκειμενον,
381 2603 523 2688 ιύχεροῦς
547 2597 631 2668 οἶδεν
657 2601 848 2670 ύποπίπτειν
869 2601 891 2688 ἤ
910 2597 1016 2690 φύσις.
1058 2605 1151 2667 τοῦτο
1170 2605 1229 2687 τῆς

210 2772 251 2826 1⁵.
266 2769 440 2830 δπεκδῦναιδ

132 2941 206 3005 simi,
225 2958 294 3012 qnos
312 2949 405 3011 captos
426 2937 595 2993 adduxerant
621 2957 655 2992 ea
672 2939 796 3004 civibus,
823 2947 852 2993 et
868 2941 1014 3010 praecipue
1032 2940 1160 2992 mulieres
1177 2937 1226 2992 de-

133 3021 216 3084 cepto
237 3011 388 3075 facillimas,
404 3011 494 3063 verbis
517 3011 705 3064 illecebrarum
726 3019 756 3064 et
783 3011 976 3063 lenociniorum
997 3010 1085 3080 plenis
1104 3026 1163 3062 sese
1182 3011 1226 3061 ln-

132 3087 289 3146 sinuantes,
308 3082 462 3134 libertatem
488 3081 544 3133 illis
562 3083 687 3153 polliceri
706 3079 863 3153 perfectam,
885 3081 907 3133 si
926 3081 991 3151 ipsis
1011 3082 1140 3149 pecunias
1158 3098 1225 3150 pro-

131 3157 207 3227 prias
225 3154 281 3207 sire
299 3153 401 3206 alienas
421 3151 594 3205 revelassent.
630 3153 696 3204 illae
719 3154 830 3206 nomine
858 3151 992 3204 libertatis
1013 3151 1145 3221 deceptae
1170 3159 1225 3202 sta-

132 3228 184 3278 tim
205 3243 307 3276 summo
329 3231 427 3276 conatu
446 3223 557 3277 domino
575 3231 604 3275 et
620 3239 668 3275 sua
687 3232 716 3277 et
732 3224 821 3286 vicini,
839 3225 861 3274 si
879 3239 960 3292 quam
979 3237 1071 3273 eorum
1090 3223 1226 3290 cognitio-

132 3314 198 3348 nem
215 3295 363 3360 habebsnt,
385 3295 512 3347 revelare.
530 3302 561 3346 ut
580 3295 680 3346 malum
697 3297 791 3364 coepit
807 3295 925 3414 λτιρρετε
945 3293 1065 3345 etmulti
1082 3309 1114 3344 ex
1128 3292 1224 3344 'l'urcis

134 3369 265 3438 pecunias
284 3383 417 3436 reperere,
429 3365 590 3418 mulieribus
609 3365 668 3416 loca
685 3365 827 3436 inquibus
880 3363 1081 3416 scondebsntor
1098 3365 1225 3433 aperien-

134 3439 219 3500 tibus,
238 3456 329 3489 rumor
342 3455 391 3508 per
402 3445 489 3490 totum
508 3438 653 3488 exercitum
667 3435 701 3487 de
718 3434 771 3489 hoc
791 3437 933 3505 spargitur,
952 3443 981 3486 et
997 3449 1089 3486 omnes
1109 3435 1157 3504 qui
1176 3451 1224 3484 cn-

134 3511 225 3578 ptivos
242 3507 411 3561 adduxerant
428 3507 463 3558 ad
480 3507 578 3559 similia
596 3509 715 3558 animum
741 3506 893 3570 advertunt,
911 3505 960 3557 hos
978 3503 1224 3575 pollicitationibus

134 3580 231 3632 fraude
256 3579 399 3643 obliuitis,
423 3580 492 3631 alios
514 3579 640 3643 similiter
663 3579 723 3631 aliis
740 3577 830 3630 modis
852 3575 887 3628 ad
914 3575 1071 3629 revelandae
1093 3575 1224 3646 pecunias

134 3649 334 3702 consuadentes
356 3658 384 3701 et
401 3650 557 3720 compositis
577 3647 723 3701 mendaciis
733 3647 913 3714 deludentes3
932 3664 1000 3717 quos
1017 3663 1081 3698 vero
1100 3647 1224 3717 pertina-
1288 3669 1290 3674 ·

134 3723 221 3774 tiores
239 3720 436 3788 agnoscebant,
452 3719 600 3790 sperabant
617 3718 751 3790 siquidem
778 3719 857 3770 multi
882 3735 915 3770 ex
935 3717 1156 3788 prudentioribus
1176 3732 1223 3766 eos

135 3793 278 3844 lenos-iniis
296 3801 325 3843 et
344 3791 437 3844 multis
456 3791 521 3842 dolo
541 3790 691 3861 fraudeque
707 3793 811 3842 onustis
823 3791 991 3841 sermonibus
1010 3787 1121 3841 tandem
1141 3787 1223 3838 linem

135 3865 323 3932 imposituros,
350 3871 379 3914 et
400 3860 438 3912 sic
465 3861 500 3911 ab
518 3877 547 3913 se
572 3862 691 3932 reposita
709 3861 761 3912 sibi
782 3869 1002 3924 conservaturos,
1020 3861 1115 3930 poenis
1134 3857 1221 3908 omnis

135 3934 242 4002 generis
257 3933 369 3995 afficere,
387 3949 538 4003 cogereque
556 3941 587 3984 ut
603 3932 779 4001 pertinaciam
798 3931 975 4002 deponerent.
1012 3929 1076 3980 hinc
1092 3928 1170 3980 multi
1188 3943 1221 3978 ex

134 4003 392 4074 praestantioribus,
408 4006 504 4072 partim
533 4003 668 4064 illecebris
694 4003 803 4054 deliniti
823 4003 919 4072 partlm
940 4016 1042 4072 poenas
1061 4015 1117 4052 non
1136 3998 1222 4052 eneti-

134 4083 241 4140 nentes,
263 4074 437 4138 festinanter,
454 4075 520 4125 licet
537 4075 631 4136 inviti,
649 4073 809 4126 abscondita
827 4073 1008 4125 manifestant.
1053 4072 1131 4124 novit
1149 4070 1221 4120 enim

135 4155 232 4198 natura
251 4145 418 4212 necessitati,
435 4152 464 4198 et
481 4145 651 4218 potissimum
667 4161 728 4198 cum
738 4161 809 4197 rnors
826 4145 999 4216 proponitur,
1016 4141 1090 4194 facili
1109 4140 1221 4210 negotio

186 4249 344 4305 Ρίισαπιτιι.
995 4245 1028 4300 33
