3042 4817
383 319 468 386 ruo
495 281 662 384 viamus
692 318 802 383 scra
830 317 1033 384 uouonu.
1168 289 1250 422 533

165 463 290 543 ἄνωθεν,
311 469 391 553 νόος,
412 473 527 556 pressis
539 473 598 535 νόν
618 466 890 556 αἴρεταιόσὴμαν
904 471 1035 557 κραυγή,
1056 469 1158 536 suiad
1182 476 1254 537 dut-

165 565 269 652 μόναν
289 566 439 656 insiderat
459 571 582 655 φόλον,
612 567 753 653 οιγοόσας
773 568 857 652 όριόν
876 567 1046 652 παννύχιον
1065 571 1154 659 spiris
1174 567 1253 655 ύπη-

164 672 293 750 ρέτιόας
313 667 463 752 γλώττας.
505 667 592 750 οἴμοι
602 678 616 732 !
636 673 703 743 παῖς
724 662 765 732 όν
786 669 944 752 α’όακρντί
961 668 1018 753 τὴν
1036 670 1157 735 τούτων
1173 669 1254 753 μνη-

165 794 230 852 μην
253 770 426 851 ε’νόγκοιμις
457 766 536 834 ἔνθα
556 771 620 847 ζοόν
650 766 746 846 αύτός
764 763 782 832 ό
801 770 874 832 καθ’
895 764 980 852 ἦμοῖς
1000 769 1041 832 δι’
1064 769 1148 852 ἡμᾶς
1167 769 1254 851 γενό-

137 868 159 931 5
165 891 259 948 μενος
277 871 485 951 καθεωρᾶτο,
518 866 619 953 όῆμός
638 891 675 933 τε
699 869 920 934 συνεστέλλετο
948 869 1075 947 βλέπειν
1095 867 1254 952 ἀγγέλων,

165 964 244 1049 ἔργα
263 975 331 1040 τοῖς
350 969 507 1044 ἀντιθέοις
527 969 726 1053 παρανομίας
745 968 911 1048 τολμᾶτον.
931 969 986 1033 καί
1005 969 1137 1052 σκηπτοό
1155 969 1251 1052 ούρα·
1262 985 1316 1054 ³⁷9

165 1066 263 1130 νόθεν
292 1065 331 1128 ού
361 1070 603 1153 καταφέρονται.
653 1061 805 1134 οότόπων
831 1068 898 1154 θεῷ
918 1067 1177 1151 α’φοισιοομένοονέ
1217 1065 1256 1150 ἢν

166 1167 346 1230 όπλοοτεῒτε
366 1168 460 1231 θείαν
478 1163 648 1254 α’φῄρησθε
666 1165 782 1251 χάριν,
813 1167 868 1230 καέ
893 1173 960 1241 τοῖς
978 1171 1146 1252 τολμηταίς
1167 1162 1256 1248 παρὰ

168 1267 293 1349 φαῦλον
306 1267 481 1348 λογίζεσθε.
521 1259 550 1330 τό
571 1264 675 1343 πιόςό
698 1269 755 1352 τῆς
776 1263 1037 1349 εύημερίαςῆμίν
1057 1263 1167 1349 καιρός
1187 1267 1258 1328 ins.

120 1366 289 1438 τοθέσεοος
300 1363 356 1429 καί
365 1366 568 1449 καταδρομῆς
579 1367 696 1448 γέγονε,
710 1366 768 1430 καί
779 1365 1043 1449 καταλειφθέντες
1055 1363 1192 1446 αἰσχύνη
1205 1362 1260 1428 καὶ

167 1453 288 1538 όνειόος
301 1460 507 1547 γεγενήμεθα.
528 1462 670 1545 οἴχονται
681 1460 883 1548 πανηγύρεις,
898 1461 1039 1545 οἴχονται
1052 1464 1150 1528 θείαν
1169 1465 1260 1528 irru-

167 1561 330 1642 πανμότοον
349 1563 580 1647 λαμπρότητες.
601 1562 746 1628 οἷπόλιολε
770 1559 943 1647 παρρησία.
974 1560 1008 1627 τό
1027 1565 1089 1630 τεόν
1108 1565 1260 1644 μοναχοόν

168 1659 364 1746 ἀπελήλαται
373 1661 489 1744 τύγμα,
501 1665 556 1726 καλ
564 1663 674 1727 πολιαὶ
682 1665 902 1746 πρεσβυτέρων
912 1665 967 1726 καί
978 1657 1135 1734 διακόνων
1147 1661 1260 1743 σεμνό-

169 1785 226 1845 της
239 1763 274 1826 tv
283 1770 348 1836 τοῖς
356 1763 478 1840 α’τίμοις
488 1763 671 1846 λογίζονται.
688 1755 743 1846 ἆρ’
754 1757 813 1826 ode
824 1759 957 1844 α’βίοιτος
969 1756 985 1826 ό
997 1762 1065 1843 βίος
1079 1760 1169 1844 ἡμῶν
1182 1763 1261 1844 ἐστι’,

121 1859 227 1923 εὖκαέ
248 1851 342 1943 ἧττον
360 1864 418 1924 τού
444 1863 502 1942 ζῆν
521 1859 559 1924 τό
586 1865 697 1925 θανεῖν
718 1860 788 1925 ε’στί
807 1869 933 1944 πικραῖς
951 1857 1036 1926 odam
1055 1863 1262 1943 βαλλομένοις

170 1961 244 2023 καθ
256 1953 393 2043 έκόστην
404 1954 551 2039 όόύναιςς
563 1953 646 2043 ἦπου
657 1983 693 2043 γε
709 1960 824 2034 πάντες
840 1952 880 2024 όν
892 1983 947 2040 μοι
960 1964 1217 2047 συμφθέγξαιντο
1231 1958 1266 2024 ολ

169 2055 307 2140 πάσχειν
324 2060 359 2123 έν
376 2066 441 2133 τοῖς
462 2059 613 2135 τοιούτοις
633 2058 827 2145 πεφύκεραν.
868 2057 1013 2145 ἠπόρησα
1038 2053 1095 2124 oda
1112 2057 1263 2136 πολλάκις

170 2163 239 2220 κατ’
264 2153 403 2237 ἐμαυτόν
422 2151 497 2221 ἄνθ’
515 2151 589 2222 όταν
608 2158 723 2240 ταῦτα,
750 2161 809 2222 καί
827 2145 894 2233 τινός
914 2160 960 2233 εἰς
978 2161 1128 2223 τοσοῦτον
1146 2154 1264 2244 ἥκομεν

170 2258 384 2339 κακοπραγιλις
401 2253 432 2320 οἱ
450 2256 651 2332 πεπονθότες.
693 2257 749 2322 καί
767 2250 863 2344 εύρον
886 2255 1003 2322 λόοντό
1025 2282 1080 2338 μοι
1099 2255 1156 2322 τόν
1175 2259 1265 2322 θεῖον
1361 2301 1366 2312 ·

120 2379 164 2421 ao
172 2353 264 2438 λόγον
283 2351 342 2437 την
364 2353 517 2438 ἀπορίαν,
542 2354 669 2421 “ε”σται”
699 2358 829 2440 λέγοντα
847 2355 888 2439 “si
909 2359 949 2441 γη
968 2351 1059 2437 ύμιόν
1077 2351 1192 2444 ἔρημος
1211 2355 1266 2422 καί

170 2451 207 2519 αλ
240 2453 390 2527 ἐπαύλεις
410 2451 501 2536 ύμιόν
522 2452 653 2539 ἔρημοι,
685 2449 736 2520 ότι
764 2453 856 2537 ύμεῖς
883 2453 1077 2540 έπορεύθητε
1107 2453 1188 2538 πρός
1208 2455 1266 2535 έμέ

170 2552 309 2636 πλάγιοι,
330 2550 417 2638 ια’γοό
438 2551 635 2640 πορεύσομαι
654 2553 734 2642 πρός
753 2553 839 2638 ύμοῑς
859 2557 893 2620 όν
911 2557 1006 2646 θυμῷ
1025 2553 1174 2644 alarius?
1215 2550 1266 2620 ἔν·
1382 2637 1386 2648 1
1497 2549 1498 2592 ³

174 2854 233 2889 rum
251 2837 341 2906 fragor
355 2839 508 2890 sustollitur
527 2847 556 2892 et
572 2841 734 2893 daemonum
746 2841 845 2894 eborea
862 2841 1005 2905 subsultat,
1027 2841 1091 2894 duns
1110 2841 1266 2897 cantionum

173 2916 259 2960 totam
269 2916 377 2960 noctem
388 2909 578 2977 pervigilantes
595 2911 766 2965 administras
779 2912 883 2980 linguas
901 2914 1046 2965 taciturnas
1057 2913 1197 2982 conspicit.
1217 2931 1265 2964 vas

173 2977 255 3030 inihi!
275 2996 329 3048 qua
342 2980 447 3030 ratione
458 2979 560 3048 absque
572 2982 687 3032 lacrimis
697 2999 789 3034 eorum
801 2983 957 3034 memoriam
967 2983 1104 3051 repetam?
1118 2983 1163 3033 ubi
1175 2983 1266 3036 virens

174 3049 244 3118 ipse,
256 3051 313 3116 qui,
325 3050 395 3101 sicut
410 3067 469 3112 nos,
482 3059 594 3118 propter
604 3070 653 3103 nos
665 3053 760 3116 lactus,
775 3052 992 3121 conspiciebatur
1004 3060 1033 3104 et
1044 3053 1199 3120 angelorum
1217 3071 1266 3106 co-

174 3120 238 3190 piae
251 3119 343 3171 sidere
353 3119 590 3188 pertimescebant,
600 3123 659 3174 illic
671 3125 705 3175 ab
720 3124 811 3193 impiis
825 3123 883 3175 dira
895 3125 1012 3175 lacinora
1022 3129 1223 3193 perpetrantur3
1238 3133 1267 3176 et

174 3192 290 3242 fulmina
302 3190 337 3242 de
347 3191 424 3242 caelo
440 3209 496 3242 non
510 3192 630 3245 cadunt?
650 3211 667 3244 o
686 3195 744 3246 loca
762 3193 815 3246 deo
825 3194 993 3246 consecrata!
1012 3212 1065 3263 qua
1076 3193 1267 3258 abundabatis,

174 3262 267 3314 divina
278 3263 363 3329 gratia
380 3262 547 3331 spoliamini,
567 3272 597 3314 et
613 3265 708 3332 pipulo
727 3282 742 3315 a
760 3265 911 3316 temerariis
923 3265 1089 3316 differimini.
1127 3264 1191 3326 heu,
1211 3280 1267 3332 quo

174 3333 256 3384 modo
265 3334 451 3402 prosperitatis
464 3341 570 3401 tempus
579 3335 756 3402 aggressionis
771 3345 799 3386 et
815 3335 975 3388 incursionis
992 3337 1091 3386 lactum
1108 3343 1157 3397 est,
1168 3343 1196 3386 et
1208 3351 1267 3398 nos,

174 3405 224 3472 qui
242 3405 432 3465 remansimus,
456 3404 631 3473 opprobrium
662 3413 690 3457 et
706 3405 839 3457 infamia!
883 3405 975 3458 abiere
994 3405 1099 3475 publici
1119 3407 1267 3457 conventus

174 3483 203 3525 et
223 3475 405 3544 celebritates,
426 3473 519 3525 abiere
536 3474 687 3527 divinarum
707 3476 852 3542 elligierum
877 3476 1043 3546 splendores.
1081 3477 1164 3545 periit
1180 3474 1266 3527 libar-

148 3582 151 3590 .
173 3552 232 3607 sas,
258 3544 450 3596 monachorum
477 3555 571 3597 coetus
593 3546 696 3597 eiectus
713 3556 771 3610 est3
795 3545 1012 3616 presbyterorum
1029 3545 1140 3598 canities
1161 3553 1190 3598 st
1208 3544 1268 3595 dia-

174 3631 304 3666 conorum
322 3617 436 3684 gravitas
454 3617 573 3666 omnium
589 3617 715 3668 irrisione
735 3617 890 3670 laeduntur.
926 3635 961 3668 an
977 3633 1034 3669 non
1050 3619 1105 3669 vita
1119 3616 1268 3670 iniucunda

176 3695 205 3738 et
222 3685 328 3746 acerba,
347 3687 492 3755 minusque
511 3697 552 3738 est
571 3688 650 3738 nobis
663 3688 746 3739 emori
766 3705 845 3758 quam
860 3688 958 3750 vivere,
977 3695 1019 3739 tot
1038 3687 1105 3740 diris
1123 3687 1266 3738 doloribus

174 3755 302 3826 quotidie
321 3757 475 3824 oppressis?
518 3774 603 3819 sane,
621 3758 692 3809 idem
718 3767 802 3829 atque
821 3775 871 3826 ego
897 3759 1017 3811 tendent
1035 3759 1082 3828 qui
1101 3759 1217 3826 compati
1238 3758 1268 3809 in

173 3826 309 3878 similibus
336 3826 465 3879 assolent.
511 3829 620 3896 saepius
645 3830 739 3898 itaque
764 3846 865 3880 mecum
889 3831 947 3897 ipse
972 3828 1132 3880 addubitavi
1158 3826 1267 3898 quade

175 3913 256 3948 casm
276 3894 342 3946 baec
365 3895 445 3948 nobis
469 3897 630 3952 obvenerint
658 3907 758 3970 etqua
779 3901 884 3951 ratione
910 3900 938 3950 in
957 3907 1032 3951 tanta
1050 3899 1121 3950 mala
1139 3897 1267 3952 incideri-

174 3983 250 4031 mus;
269 3967 416 4036 invenique
439 3967 603 4021 dubitationi
632 3986 709 4021 meae
727 3971 793 4023 satis
812 3971 869 4020 lieri
895 3987 911 4020 a
931 3968 1023 4022 divino
1045 3969 1166 4039 eloquio,
1180 3966 1266 4021 “erit’'

176 4037 285 4090 dicente
300 4036 391 4088 “terra
410 4046 499 4089 restra
518 4039 623 4092 deserta
644 4049 673 4091 et
690 4040 772 4092 villae
793 4049 896 4092 restrae
916 4037 1048 4104 desertae,
1068 4041 1197 4110 quioniam
1220 4057 1267 4091 vos

176 4107 361 4166 ambularistis
386 4107 421 4159 ad
447 4125 491 4160 me
517 4110 640 4180 obliqui,
674 4118 703 4162 et
720 4127 771 4178 ego
788 4110 932 4163 ambulabo
958 4107 991 4160 ad
1010 4127 1057 4162 vos
1075 4111 1103 4163 in
1128 4109 1267 4162 iracundia

177 4177 316 4250 obliqua.'’
353 4178 417 4242 hinc
431 4181 509 4252 plura
528 4179 635 4235 &cendi
648 4181 730 4236 finem
746 4183 849 4236 taciem
866 4180 1004 4234 silentium
1021 4182 1155 4254 praefero.
1189 4177 1268 4234 narn-
