3042 4817
549 260 625 321 eru.
646 262 687 321 11.
715 256 806 324 ctu.
837 262 891 323 ιιι.
1185 232 1263 337 ι45

171 417 219 494 εἰς
236 412 273 481 τό
301 405 402 498 όνομο
432 414 552 495 αὐτοῦ,
585 418 646 481 τῶν
668 418 855 499 Μαγγόνων
884 412 1161 499 ἐπονομαζόμενον.
1202 420 1271 483 ἐκεῖ

170 514 336 597 ἱστάμενος
365 513 422 599 τήν
454 515 583 601 φιάλην
613 513 697 597 ἔχων
723 515 780 581 seni
805 514 879 591 τοός
905 515 1056 599 σιδήροιις
1085 526 1150 593 τοῖς
1177 520 1266 597 ποσί,

171 615 381 698 διερχομένου
413 610 499 695 ια’χα
518 617 578 679 τοῦ
606 619 763 697 βασιλέως
784 614 835 679 ἵνα
864 617 909 692 εἷς
927 612 983 698 τήν
1003 611 1269 700 όνολοιιθιόιντής

171 716 338 797 ἐκκλησίας
352 714 489 801 αἰιέλθη,
510 712 646 798 ἐδεήθην
667 716 767 779 aurosi
788 715 839 779 ivo
855 738 896 795 με
927 718 989 780 τῶν
1011 711 1155 779 ἁλύσεων
1175 719 1267 782 tisu-

143 810 311 898 ὅθερεόση.
365 815 422 876 καί
447 806 545 893 όμέν
574 812 725 894 βασιλεός
756 811 909 879 εἰσελθών
937 816 983 889 εἰς
1002 814 1060 897 τήν
1078 813 1268 898 ἐκκλησίαν,

171 905 283 998 ἅρχων
301 936 349 988 τις
369 914 564 994 ἐπιστρέψας
585 910 666 996 πρὸς
687 916 730 992 μὲ
757 907 831 979 εἶπέ.
848 936 904 994 μοι
923 915 1018 977 τάδε·
1057 911 1267 998 “reponeretur

172 1006 191 1075 ό
211 1009 363 1093 βασιλεῦς
386 1008 403 1074 o‘
424 1012 583 1096 ον’θέντης
606 1012 698 1096 ἡμῶν
716 1011 769 1079 ἵνα
788 1012 931 1095 ἐξόριοσέ
945 1036 1002 1078 σου
1016 1011 1092 1090 νοός
1105 1008 1268 1096 σιδήρους,
1290 1030 1291 1033 ’

171 1107 269 1175 berni
287 1110 308 1194 ή
328 1114 425 1194 κυρία
454 1109 586 1195 ήμῶνή
613 1112 763 1177 δέσιιοινοι
791 1111 940 1196 ἐζήτησεν
966 1106 1069 1177 αὐτοῦ
1091 1110 1147 1176 καί
1165 1106 1269 1176 ἅπαν.

171 1234 225 1285 τες
245 1206 363 1295 igneis?
402 1210 459 1274 καί
486 1213 562 1294 περὶ
590 1208 645 1276 τόν
664 1203 784 1296 ὄρθρον
810 1212 912 1295 αὐτῆς
933 1214 989 1295 τῆς
1008 1208 1120 1287 νυκτός
1140 1209 1210 1276 etot
1234 1214 1270 1277 ἐν

125 1312 209 1395 ιστῇ
229 1309 364 1393 συνήθει
385 1304 454 1398 cipp
479 1310 509 1374 oi
528 1312 587 1374 τοῦ
605 1304 728 1395 ιιόργον
750 1304 901 1395 ἄρχοντες
921 1314 977 1377 καί
996 1314 1095 1397 ἕτεροι
1115 1308 1195 1393 μετὰ
1218 1334 1270 1376 σι-

172 1405 279 1494 δήρων
298 1408 442 1492 σ’ργόνων
463 1407 650 1489 ἐκβαλόντες
670 1431 712 1490 με
736 1414 799 1475 τοῖν
819 1409 965 1477 ιόλόσεων
984 1412 1040 1475 καί
1060 1413 1267 1490 ἐξαιιιῶντμι,

170 1508 227 1571 καί
246 1510 388 1589 λέγουσιν
409 1501 470 1589 οὐχ
485 1504 535 1571 ότι
553 1510 726 1590 ἐχθρωδῶς
742 1506 856 1592 ἔχουσι
873 1514 943 1575 κατ’
963 1512 1044 1590 ἐμοῦ
1063 1513 1117 1573 και1
1135 1494 1268 1595 οδτρὲ.

171 1609 276 1691 pouor'
292 1629 355 1687 με,
380 1608 412 1670 εἰ
437 1602 481 1688 μή
502 1610 570 1671 ἐστι
595 1602 649 1669 διό
678 1607 723 1692 μή
745 1612 918 1690 κεκτῆσθαι
942 1605 1070 1681 αὐτούς.
1112 1612 1169 1672 κατ’
1187 1609 1269 1689 μετὰ

171 1703 231 1769 δ’όσ
251 1705 372 1789 ἡμέρας
399 1702 544 1779 ἐλθόντες
571 1701 667 1769 πόλιν
695 1705 829 1788 ζητσδοί
846 1728 908 1785 με·
963 1710 1018 1768 καί
1048 1703 1186 1790 ἐδεήθην
1214 1712 1269 1771 τοῦ

123 1806 331 1869 ιῖιαέθέντου
350 1827 415 1883 μον
445 1802 498 1867 διαὶ
523 1808 650 1889 γραφῆς
677 1805 732 1867 ἵνα
746 1804 951 1890 ἐξαποστειἋη
973 1798 1130 1889 ἄρχοντας
1150 1811 1270 1871 συλλα-

169 1907 268 1985 λῆσαι
283 1911 348 1978 τοῖς
362 1902 650 1984 αἰχμαλωτεόσασί
657 1927 697 1983 με
718 1902 799 1985 νιρός
815 1907 1011 1983 ονμβίβασιν
1022 1904 1095 1987 περὶ
1115 1908 1171 1985 τής
1192 1906 1271 1989 ἐμής

168 2002 367 2083 ἐλευθερίας.
396 1997 473 2084 ὅπερ
495 2004 549 2067 καί
568 2006 683 2085 γέγονε.
725 2001 783 2065 καί
801 2000 1073 2083 σνμβιβασθέντες
1094 2002 1270 2071 δεδώκασιν

169 2102 256 2188 αὐτῷ
274 2098 310 2164 τό
330 2104 501 2185 Σαραβιὶλε
524 2098 681 2187 φρούριον
703 2100 974 2185 τοιοντοτρόιιως,
999 2102 1051 2165 ἵνα
1073 2104 1190 2190 ἐγερθῇ
1216 2102 1273 2167 uae*

169 2198 296 2286 ἆτιέλθη
311 2200 357 2273 εἰς
371 2196 423 2262 τόν
439 2192 522 2263 οἶκον
543 2198 647 2262 αὑτοῦ
661 2202 696 2265 ἐν
715 2202 757 2285 τῇ
770 2202 799 2263 Γ
797 2201 969 2287 λαρέντζη·
990 2204 1047 2263 καί
1059 2204 1173 2285 μέχρις
1193 2196 1268 2266 iton

119 2301 285 2363 σοΜιιΐου
293 2299 323 2362 α’
329 2301 388 2379 μὲν
395 2294 475 2386 ἔλθη
485 2295 502 2359 ὅ
510 2302 739 2383 μητροπολιίης
750 2301 805 2362 καί
816 2292 973 2383 αόθέντης
982 2293 1096 2383 oiseis,
1106 2299 1268 2385 ποιησάτω

167 2398 287 2471 ἐκεῖνος
307 2397 352 2473 ὥς
370 2401 477 2478 θέλει,
497 2399 529 2463 εἰ
547 2400 579 2461 δ’
600 2390 659 2477 ori,
688 2396 923 2481 παραδώσωσιν
953 2398 1042 2486 αὐτῷ
1062 2397 1097 2464 τό
1120 2398 1266 2485 κάστρον.

167 2499 225 2562 καί
242 2493 415 2581 γεγονότων
437 2492 559 2582 ὅρκων,
582 2500 638 2561 καί
662 2500 926 2583 παραλαβσμένον
948 2500 1003 2561 καί
1023 2501 1079 2561 τοῦ
1097 2500 1267 2583 Σαραβάλε

243 2708 266 2743 ι.
284 2694 325 2751 τις
341 2686 391 2756 τήν
407 2684 534 2759 κεφαλήν
552 2690 703 2763 ἱστάμενος
726 2690 801 2761 ἔχων
825 2690 902 2743 sat?
1004 2692 1043 2745 ιι.
1062 2696 1220 2757 νεκτηκέναι
1237 2691 1266 2743 Μ

241 2776 285 2813 as.
302 2760 502 2833 παραδιδόασι
517 2754 548 2815 τό
565 2762 585 2813 Ρ

168 2922 238 2978 mihi
255 2939 314 2977 esse
329 2924 360 2978 in
372 2922 556 2994 pulcherrimo
576 2922 677 2993 templo
692 2922 887 2993 Manganorum
904 2918 978 2993 quod
996 2920 1104 2987 dicitnr,
1118 2921 1193 2974 illius
1212 2940 1263 2977 no-

167 2996 237 3048 mini
254 3012 339 3047 ιιιοιο.
368 2994 409 3045 ibi
434 3012 517 3066 quum
542 2996 736 3057 constitissem,
767 3002 888 3065 pateram
914 3010 995 3045 manu
1018 3001 1115 3045 tenens
1145 3001 1174 3045 et
1190 3010 1264 3047 com-

166 3065 287 3137 pedibus
309 3066 433 3129 vinctus,
454 3066 644 3135 imperatorem
671 3066 744 3118 forte
771 3072 971 3127 transeuntem,
1000 3072 1031 3117 ut
1058 3064 1188 3115 ecclesiae
1218 3082 1262 3116 ss-

169 3139 222 3189 cris
240 3138 404 3199 interesset,
422 3135 570 3199 obsecravi,
590 3146 621 3188 ut
637 3138 740 3187 cetenis
767 3152 810 3188 me
830 3136 940 3187 levaret.
959 3150 1043 3203 quum
1064 3135 1117 3185 iam
1135 3136 1264 3189 intrasset

167 3209 198 3259 in
215 3203 359 3259 ecclesiam
378 3208 535 3277 imperator,
552 3222 674 3258 reversus
691 3224 760 3257 unus
783 3204 818 3257 de
838 3204 994 3274 proceribus
1013 3206 1050 3255 ita
1067 3222 1109 3256 me
1128 3204 1262 3257 allocutus

168 3286 226 3331 est:
241 3276 349 3330 “iussit
367 3279 528 3347 imperator,
546 3276 672 3329 dominus
690 3284 792 3339 noster,
813 3276 928 3329 vinculis
950 3282 977 3326 te
997 3273 1120 3339 liberari3
1139 3274 1169 3326 id
1208 3276 1263 3329 uod

167 3349 343 3419 imperatrix,
371 3348 481 3401 domina
497 3358 609 3411 nostra,
633 3357 661 3400 et
678 3364 771 3398 omnes
797 3363 847 3398 nos
873 3349 908 3397 ab
926 3346 1022 3397 eodem
1039 3344 1213 3415 petivimus'.
1234 3356 1264 3399 et

169 3435 248 3481 eece,
264 3420 337 3471 circs
356 3421 520 3471 matutinum
537 3420 625 3471 noctis
642 3416 763 3469 eiusdem
780 3426 906 3487 ternpus,
932 3416 1000 3469 hora
1016 3424 1161 3479 consueta,
1179 3418 1262 3470 turris

167 3489 304 3561 praefecti
330 3498 359 3541 et
375 3490 423 3541 aiii
448 3490 517 3555 viri,
541 3491 728 3542 instrumentis
750 3488 843 3540 ferreis
867 3489 1009 3549 instructi,
1033 3488 1134 3539 catenis
1150 3504 1194 3539 sne
1212 3504 1261 3539 ex·

166 3560 304 3632 pediunt,
331 3568 361 3612 et
377 3570 507 3613 excusant
532 3576 561 3612 se
578 3559 647 3612 mihi
676 3560 823 3629 aiuntque,
841 3576 897 3611 non
914 3556 1009 3610 hostili
1026 3556 1090 3609 odio
1109 3564 1164 3609 tarn
1181 3574 1262 3627 perce

167 3648 202 3683 ac
220 3632 338 3699 maligne
355 3633 456 3701 victum
473 3648 502 3683 se
520 3631 692 3701 praebuisse,
709 3629 758 3681 sed
777 3631 840 3701 quia
858 3627 972 3680 meliora
990 3645 1060 3699 quae
1080 3626 1188 3691 darent,
1206 3646 1264 3683 non

167 3700 332 3755 habuissent
349 3702 410 3771 ipsi.
425 3710 493 3823 post
510 3701 625 3753 biduum
642 3701 851 3753 adsuntiterum
869 3708 898 3752 et
914 3716 958 3753 me
971 3698 1162 3764 cohortantur,
1178 3710 1264 3770 atque

168 3788 221 3841 ego
262 3790 292 3824 er
310 3774 403 3824 literas
444 3772 565 3824 ominum
586 3788 675 3823 meum
700 3770 790 3835 orari,
815 3778 845 3822 ut
859 3772 981 3823 mitteret
1000 3771 1071 3821 viros
1096 3769 1262 3835 honoratos,

168 3845 219 3914 qui
235 3790 270 3895 sie
289 3842 493 3896 conditionibus
526 3843 696 3895 liberationis
712 3858 788 3893 meae
815 3842 995 3909 transigerent
1011 3856 1071 3892 cum
1089 3838 1145 3903 his,
1163 3857 1180 3892 a
1197 3842 1262 3911 qui·

166 3912 221 3965 bus
239 3915 364 3984 captivus
382 3912 537 3965 detinebar:
554 3913 583 3965 id
603 3912 678 3985 quod
698 3912 797 3964 factum
819 3920 872 3975 est,
894 3919 938 3975 et,
958 3912 1108 3979 composita
1126 3912 1263 3975 amicitia,

168 3986 311 4037 curulium
330 3984 459 4046 Sarabis
485 3984 539 4037 boc
557 3985 583 4037 ei
603 3992 685 4054 pecto
702 3982 889 4048 tradiderunt,
916 3990 947 4033 ut
964 3982 1133 4038 Giarentzaru
1151 3980 1263 4035 domum

167 4054 322 4119 recederem
344 4063 373 4107 et
388 4052 499 4125 quidem
516 4056 540 4107 si
562 4072 612 4125 per
631 4054 734 4107 Maium
754 4055 874 4105 venisset
896 4052 1071 4121 metropolite
1091 4061 1120 4105 et
1136 4052 1262 4105 dominus

168 4125 299 4197 ipsorum,
318 4125 420 4179 iaceret
429 4126 462 4191 is,
474 4124 549 4199 quod
565 4126 663 4198 rellet5
679 4126 702 4179 si
719 4140 775 4179 non
793 4125 916 4191 venisset,
932 4131 1046 4177 castrum
1061 4123 1104 4175 illi
1121 4122 1261 4177 dederent.

220 4220 387 4275 feramen.
1043 4234 1073 4272 ιο
