3042 4817
537 307 902 375 mmmm
1201 284 1281 374 ὡ

191 453 269 529 τούς
290 455 464 533 ἐδεξιοῦντο
494 460 552 522 καί
579 460 616 523 ἐκ
639 463 703 523 τῶν
719 463 837 543 τειχῶν
861 452 1112 545 ἀπεκρήμνιζον,
1138 467 1198 529 καί
1214 490 1285 532 τινα

190 558 254 619 τοῖν
283 559 460 635 πολεμικῶν
487 554 630 641 ἀργάνων
657 562 715 623 καί
732 562 857 624 aaronis
876 564 939 627 cciv
961 562 1110 627 ἐναντίων
1129 567 1285 629 κατέσπα·

190 676 273 717 σαν·
323 651 380 717 καί
411 656 445 733 ἐξ
472 654 661 741 ἀμφοτέρων
689 659 753 724 τῶν
771 660 879 743 μεροῖν
902 661 1040 736 θάνατος
1061 659 1207 746 ἐγεγόνει,
1228 661 1287 729 κατ’

188 752 331 831 μάλιστα
352 755 387 816 ἐκ
407 756 465 818 τοῦ
485 757 548 820 τοῖν
572 752 720 841 Τούρκοον
735 760 862 843 μέρους.
884 758 949 836 ,οἷς
968 762 1004 825 δὲ
1025 758 1056 826 oi
1076 762 1207 847 ἀστέρες
1225 764 1285 829 τοῦ

161 848 333 932 5οάρανοῦ
355 848 461 937 ἀρχὴν
479 853 606 920 έποίουν
623 852 669 939 μὴ
690 856 874 942 φαίνεσθαι,
893 861 952 923 τοῦ
971 857 1141 945 φωτόςτῆς
1161 861 1284 945 ἡμέρας
1363 936 1365 945 ¹

190 945 404 1037 αάγάζοντας,
424 952 481 1017 κατ’
509 955 544 1017 ἐκ
570 959 634 1021 τῶν
654 956 817 1021 ἀνατολῶν
839 955 874 1023 τό
902 952 1063 1043 ῥοδοειδὲς
1083 962 1140 1042 τῆς
1159 962 1283 1045 πρωίας

188 1047 373 1133 ἐνέφαινεν,
408 1054 472 1117 πᾶν
505 1051 541 1118 τὸ
563 1056 686 1138 πλῆθος
713 1058 778 1121 ταῖν
797 1061 956 1138 πολεμίων
990 1057 1034 1135 ὥς
1054 1061 1226 1142 σχοίνισμσ
1247 1062 1282 1124 ἓν

188 1143 326 1231 ἐγεγόνει
347 1148 383 1213 εἰτ
401 1155 464 1215 τοῦ
484 1148 555 1229 iric
573 1157 693 1239 μέρους
712 1158 769 1239 τῆς
788 1154 909 1233 πόλεως
930 1154 990 1231 ἕως
1007 1160 1066 1222 τοῦ
1087 1153 1208 1242 ἑτέρου.
1228 1156 1285 1223 καὶ

187 1245 227 1311 ui
249 1238 368 1331 ὄργανα
405 1248 447 1313 ui
469 1252 634 1337 πολεμικά,
652 1251 803 1335 τύμπανά
821 1278 856 1320 τε
884 1256 941 1321 καί
960 1250 1042 1321 ἀλλα
1061 1254 1207 1341 κεράτινα
1227 1260 1285 1321 καί

137 1350 253 1416 τοπάν
271 1345 388 1431 ἕτερον,
408 1354 599 1436 κρούσαντες
622 1356 679 1419 καί
690 1363 814 1440 φωναῖς
835 1358 985 1440 ἰσχυραῖς
1005 1351 1217 1435 ἀλαλάξαντες
1237 1360 1283 1433 εἰς

185 1444 247 1523 τάς
265 1440 424 1531 ἓλεβόλεις
442 1449 548 1527 πάσας
569 1451 606 1515 τὸ
635 1457 698 1537 πῦρ
722 1438 958 1536 &adficiemini
974 1453 1091 1532 πάντες
1112 1452 1281 1538 ὁμοθυμα·

186 1543 244 1611 δὸν
267 1547 303 1613 ἕν
325 1543 375 1612 ἔνι’
395 1552 497 1639 καιρῷ
515 1552 573 1615 καί
603 1546 672 1639 ἀρφ
695 1548 748 1616 dcci
769 1577 805 1617 τε
822 1556 943 1637 χέρσου
967 1557 1024 1619 καί
1041 1554 1205 1639 θαλάσσης
1224 1552 1283 1639 τὴν

185 1645 326 1729 ἐμβολὴν
344 1650 402 1713 καί
418 1646 572 1735 σύρρηξιν
590 1653 650 1715 τού
669 1654 809 1733 πολέμου
835 1654 892 1716 καί
910 1652 1095 1739 συμπλοκὴν
1114 1658 1279 1739 ἐποίησαν.

184 1747 365 1830 θαρσαλέοι
396 1750 434 1812 δέ
461 1772 546 1825 τινες
571 1750 785 1835 πολεμὴτορες
809 1749 867 1826 τὰς
886 1754 1101 1837 μηρινθιόιλεις
1128 1758 1310 1835 κλίμακαςΒ

136 1844 362 1917 ι5έπανίουσι.
411 1845 451 1912 τοὶ
481 1849 517 1912 δὲ
535 1850 613 1932 βέλη
646 1858 779 1914 παντοῖα
809 1847 889 1916 κατά
918 1854 982 1916 τῶν
1009 1854 1044 1917 ἐν
1064 1862 1129 1929 τοῖς
1152 1849 1283 1936 πύργοις

185 1942 312 2031 ἀφίετο.
353 1949 409 2011 κατ’
433 1940 534 2029 ἀραις
558 1950 619 2029 μέν
650 1948 707 2012 δύο
728 1947 748 2032 ἦ
769 1948 859 2035 μάχη
880 1948 1037 2033 ἐνεστήκει
1058 1956 1208 2017 στενοῦσα
1228 1954 1285 2016 καί

183 2049 355 2131 φρτκαλὲα,
377 2039 417 2130 ἢν
437 2049 474 2111 de'
492 2068 559 2121 πως
579 2043 619 2111 τοὶ
643 2048 711 2112 ταῖν
724 2050 929 2132 Χριστιανῶν
944 2052 1207 2132 ἐπικρατέστερα·
1228 2052 1285 2115 καί

182 2142 246 2230 μάρ
267 2142 304 2209 αἱ
333 2144 564 2231 κλιμακοφόροι
583 2145 722 2229 τριήρεις
751 2144 813 2212 σύν
832 2149 874 2235 τῇ
892 2146 1018 2237 γεφύρᾳ
1040 2142 1197 2233 ἄπρακτοι
1218 2151 1282 2213 τῶν

182 2246 300 2327 τειχῶν
327 2243 391 2309 τοῖν
421 2243 566 2329 ύέραίων
596 2238 874 2332 ἀπεκρούσθησαν,
903 2248 960 2312 καί
981 2244 1019 2311 cci
1040 2251 1102 2313 sois
1126 2252 1225 2313 λίθοιν
1246 2248 1282 2313 έκ

134 2342 242 2424 norvia
272 2341 392 2419 πόλεως
423 2342 582 2429 ἀφετήρια
621 2346 790 2420 πλείστους
822 2348 888 2412 τῶν
916 2336 1068 2413 ἐναντίων
1097 2346 1283 2431 Ἀγαρηνοῖν

183 2444 392 2529 διέφθειραν,
418 2441 475 2507 κατ’
495 2442 530 2509 ἓν
550 2448 607 2527 τῆς
623 2448 747 2527 χέρσου
767 2442 887 2529 μέρους
915 2444 953 2511 cci
976 2442 1073 2527 ὅμοια
1095 2443 1173 2521 τούς
1190 2448 1283 2511 ε’ναν-

180 2543 272 2617 τιόυς
303 2546 360 2607 καί
386 2552 497 2629 χεῖρον
518 2540 736 2623 ἐδεξιώσαντο.
792 2550 847 2610 καί
875 2538 916 2630 ἦν
943 2546 1024 2610 ἰδεῖν
1042 2548 1152 2627 θέαμα
1177 2547 1281 2623 ξένού,

183 2636 293 2729 ὥσπερ
314 2647 431 2730 νεφέλη
447 2640 590 2730 σκοτεινὴ
610 2644 816 2710 καλύπτουσα
836 2626 892 2710 τὸν
916 2638 1005 2730 ἥλιον
1025 2648 1082 2709 καί
1102 2642 1160 2711 cis
1184 2644 1282 2731 ου’ρα-

255 2856 283 2909 φ
302 2836 456 2910 κεράτιαΡ
546 2853 585 2890 ιι.
605 2836 767 2909 maspetum
783 2836 804 2890 P

183 3050 285 3105 camini
303 3051 389 3103 instar
407 3049 514 3103 exarsit
532 3051 619 3104 nostri
632 3051 741 3105 sortiter
760 3050 934 3114 resistebant,
951 3048 1023 3101 male
1044 3066 1090 3101 eos
1108 3048 1282 3119 excipiebant

185 3134 216 3176 et
233 3122 267 3175 de
285 3121 428 3182 moenibus
451 3120 649 3186 deturbabant,
668 3131 697 3176 ct
719 3122 869 3175 nonnullas
887 3118 1024 3175 machinas
1052 3129 1081 3172 et
1101 3122 1281 3173 instrumenta

184 3181 287 3247 bellica
317 3209 410 3245 eorum
430 3192 645 3261 diffringebant,
663 3202 705 3257 et,
730 3211 814 3264 quum
833 3194 969 3263 utrimque
986 3190 1124 3255 caderent,
1147 3209 1163 3243 e
1184 3192 1281 3245 Tuccia

128 3278 134 3285 '
184 3274 277 3317 tamen
295 3264 388 3333 plures
408 3263 550 3317 cadebant
571 3264 619 3317 nbi
638 3273 729 3317 autem
753 3266 850 3318 stellae
869 3266 899 3317 in
918 3262 995 3315 coelo
1014 3262 1112 3313 micare
1132 3270 1280 3325 cessarunt,

183 3336 341 3387 lucescente
358 3336 462 3387 lumine
486 3334 553 3398 diei,
572 3344 601 3387 et
619 3334 655 3385 ab
676 3336 782 3389 oriente
805 3353 881 3389 rosea
901 3350 997 3387 aurora
1016 3332 1176 3403 comparuit,
1195 3335 1281 3385 osunis

182 3404 306 3459 bostium
322 3406 473 3459 multitudo
502 3404 616 3475 perinde
641 3424 672 3457 ac
691 3406 765 3459 funis
783 3406 816 3458 ab
843 3414 993 3475 nnarparte
1015 3404 1090 3455 urbis
1110 3402 1144 3455 nd
1167 3403 1281 3456 alteram

181 3478 327 3550 pertinuit.
355 3478 463 3547 organis
484 3475 601 3540 bellicis,
622 3477 766 3545 tympanis,
785 3478 858 3530 tubis
891 3476 1006 3538 corneis,
1024 3475 1135 3545 reliquis
1154 3474 1281 3527 omnibus

182 3552 337 3617 ltrepentes
356 3546 389 3601 et'
400 3564 497 3615 magno
509 3548 656 3601 frementes
666 3547 793 3612 clamore,
810 3550 838 3599 in
858 3564 951 3600 omnes
971 3546 1110 3615 helepoles
1129 3546 1192 3613 igne
1212 3562 1280 3597 con·

180 3620 266 3681 iecto,
287 3619 378 3671 cuncti
398 3618 579 3681 concorditer,
598 3620 694 3673 eodem
712 3626 835 3687 tempore
855 3627 883 3670 et
902 3617 977 3679 born,
997 3626 1066 3669 terra
1084 3616 1206 3685 marique
1225 3617 1278 3667 im-

178 3690 350 3761 pressionem
370 3689 475 3742 saciunt
488 3696 517 3741 et
528 3706 645 3759 pugnarn
662 3690 806 3743 iacessunt.
827 3688 937 3759 quidum
955 3687 1111 3740 audaciores
1129 3685 1278 3739 bellatores

179 3778 231 3831 per
247 3760 333 3812 scalas
352 3769 480 3831 etuppeas
498 3760 658 3813 ascendunt.
678 3761 765 3812 omnis
782 3762 887 3827 generis
908 3761 964 3811 tela
980 3760 1010 3811 in
1028 3774 1083 3819 eos,
1101 3758 1148 3827 qui
1166 3758 1195 3809 in
1218 3766 1278 3809 tur-

91 3873 96 3883 .
181 3830 257 3883 ribus
277 3840 363 3893 erant,
376 3832 569 3885 coniiciuntur.
587 3830 667 3884 horas
687 3830 754 3883 duna
781 3832 879 3883 acriter
897 3840 925 3882 ct
943 3828 1111 3883 horribiliter
1130 3838 1277 3897 pugnatum

180 3910 233 3967 est,
251 3919 282 3955 ac
298 3902 424 3972 superior
441 3903 534 3954 forsan
552 3909 611 3955 erat
628 3920 669 3955 res
688 3902 850 3955 Christiana.
869 3918 930 3953 nam
949 3902 1081 3957 triremes,
1099 3899 1198 3969 quibus
1218 3916 1278 3951 scs-

179 3972 442 4045 honorabantur,
469 3990 529 4025 cum
557 3982 642 4057 ponte
663 3989 691 4025 τε
714 3972 816 4023 insecta
840 3989 855 4022 a
882 3972 966 4023 muris
987 3970 1127 4022 maritimis
1153 3971 1278 4039 repulsae

180 4052 263 4105 sunt,
281 4051 311 4095 et
328 4060 392 4095 saxa
411 4061 445 4095 ex
463 4043 531 4096 urbe
557 4052 657 4096 ractatn
676 4044 858 4115 Agnrenorum
886 4044 1016 4113 plurimos
1034 4042 1218 4103 extinxerunt,
1237 4050 1279 4093 at·

180 4132 236 4186 que
250 4132 265 4165 e
287 4122 357 4167 terra
370 4114 498 4167 similiter
511 4131 542 4165 ac
555 4115 634 4183 peius
648 4116 729 4167 etiam
740 4114 833 4165 hostes
850 4112 1035 4182 excipiebant:
1056 4121 1167 4183 eratque
1185 4110 1279 4163 videre

182 4202 285 4241 novum
306 4185 504 4256 spectaculum,
525 4188 611 4241 solem
629 4195 657 4240 et
675 4186 782 4241 coelum
801 4194 928 4259 tunquam
948 4182 1061 4239 obscura
1078 4182 1150 4237 nube
1168 4182 1279 4237 involu-
