3042 4817
528 272 602 334 ιιιι.
623 274 679 335 ιιι.
709 270 802 337 cir.
825 276 865 336 ιι.
1171 276 1270 369 ,²²7

177 418 276 506 ῦοόλη
285 444 342 485 σου
357 412 425 502 όμα
439 430 505 496 τοῖς
523 424 612 502 ε’μοῖς
625 429 807 507 συγγενέσιν
828 427 868 487 ον’
879 422 1118 508 κωλῦσονσίμέ,
1137 426 1168 490 εί
1178 424 1271 512 τόχη,

177 520 234 585 καί
255 520 379 599 ποιήσω
406 520 441 585 τό
462 528 664 604 προσταχθέν
684 545 751 604 μοι.
796 522 835 607 ἢν
853 518 891 588 ed
908 531 1087 607 μακαρίσω,
1102 526 1274 613 ἀναφέρων

177 617 261 705 αὐτῇ
280 619 326 683 ἔτι
357 624 432 700 περί
451 611 497 683 οἷν
524 619 579 685 διὰ
599 626 656 705 τῆς
683 624 919 707 καλοκάγαθίας
947 630 1004 706 τῆς
1024 628 1189 704 βασιλείας
1211 648 1271 690 σου

176 716 289 796 ἔταξός
311 742 366 798 μοι
387 723 462 803 περί
478 721 534 803 τῆς
553 722 632 804 ἐμῆς
651 720 812 806 θυγατρός
827 722 1005 803 ῦπανδρίας
1018 728 1074 786 καί
1091 720 1196 788 τόποον
1217 726 1275 789 καί

148 820 273 899 ὅτιμῆς
292 817 461 901 δωρήσεως
492 824 548 883 καί
578 822 740 904 α’ναιλοχῆς
769 823 863 886 πλέον
895 826 958 886 τοῦν
978 816 1082 886 ἄλλων
1102 826 1272 907 α’ρχοντισ-

175 916 275 980 auio?
313 920 368 980 καί
390 914 493 992 σῦτως
514 924 629 1001 καιροῦ
650 921 688 1004 δη
718 914 809 996 ὄντος
828 923 885 986 τοῦ
907 923 1076 1004 α’ριστῆσοι
1095 918 1273 1005 προσκυνη-

175 1039 237 1088 σας
257 1012 318 1097 broi
340 1017 486 1099 α’πῆλθον
507 1016 622 1081 οἴκαδε.
665 1018 744 1099 μετὰ
773 1022 808 1085 δὲ
838 1018 872 1085 τό
895 1014 1027 1103 ἄριστον
1048 1022 1194 1095 ἐλθόντος
1214 1021 1272 1085 τοῦ

174 1111 316 1194 μτγόλοο
335 1115 448 1190 δονκός
466 1120 501 1179 ἐν
522 1121 567 1203 τῷ
585 1123 726 1205 παλατίιρ
751 1118 893 1205 ε’φήσατο
915 1120 1003 1205 αῦτηῦ
1024 1118 1040 1181 ό
1064 1117 1216 1201 βασιλεῦς
1234 1117 1271 1184 τὰ

176 1206 237 1274 όσα
257 1216 327 1292 μετ’
348 1217 429 1293 ἐμοῦ
451 1215 585 1299 ἐλάλησα
607 1215 682 1298 περί
701 1220 761 1283 τοῦ
785 1220 927 1301 πρέσβυν
946 1242 987 1298 με
1012 1211 1179 1301 ῦπελθεῖν,
1204 1220 1273 1282 ἀλλ’

127 1309 235 1379 ιοοῦκ
263 1310 470 1395 ἀπεκάλυψεν
501 1317 587 1403 αὐτῷ
615 1320 656 1380 δι’
685 1314 725 1399 ἢν
752 1320 878 1383 αἰτίαν·
930 1320 985 1391 καί
1016 1321 1192 1402 προσέθηκε
1219 1316 1275 1383 καί

173 1414 276 1492 τοῦτο,
298 1408 347 1474 ῦτι
361 1411 533 1494 α’ναγκαῖόν
547 1418 617 1479 ἐστι
636 1414 821 1499 τιμήσομεν
842 1416 897 1479 καί
915 1416 1006 1499 ἡμεῖς
1027 1414 1081 1479 τόν
1092 1418 1270 1501 Φρανιζῆν,

175 1509 256 1573 διότι
280 1508 315 1574 τό
340 1511 492 1597 όφφίκιον
517 1511 537 1575 ό
557 1517 700 1599 κέκτηται
730 1519 789 1578 οῦκ
810 1514 894 1579 ἔστιν
920 1517 1109 1599 εὐχαριστία
1135 1514 1271 1595 οῦόεμίιι

172 1607 254 1691 πρός
274 1609 377 1693 ἡμᾶς,
405 1608 486 1675 διότι
507 1612 595 1697 παρὰ
619 1618 678 1678 τοῦ
707 1619 865 1695 βασιλέως
886 1618 944 1677 τοῦ
966 1610 1110 1697 οἷῦελῳοῦ
1130 1637 1196 1693 μου
1217 1613 1272 1675 εῦ-

172 1706 332 1792 ηργετήθη
351 1713 447 1775 τοῦτο
466 1710 563 1801 ordorp.
608 1712 659 1777 διό
683 1720 773 1789 λέξον
803 1712 889 1795 αὐτῷ
910 1719 999 1774 ποῖον
1029 1704 1107 1773 ἄλλο
1128 1714 1189 1774 τοῦν
1210 1710 1272 1795 όφ-

125 1812 289 1891 ι5φικίοον
319 1808 485 1892 σ’ρίγεται,
515 1814 573 1875 καί
600 1810 797 1890 α’κοῦσιομεν.
850 1810 905 1872 καί
925 1808 1062 1885 ἐξελθών
1083 1808 1099 1872 ό
1120 1808 1195 1888 tot}
1216 1810 1273 1875 καί

170 1904 277 1988 εῦριόν
292 1930 335 1987 με
354 1907 550 1972 ἐπυνθάνετο
575 1909 610 1973 τί
626 1906 660 1971 τό
684 1903 838 1994 ὄφφίκιον
869 1902 1033 1992 ὠρεγόμην
1053 1907 1105 1972 ἵνα
1125 1908 1270 1993 δωρὴση-

169 2008 228 2070 ταί
244 2029 301 2085 μοι
323 2002 340 2066 ό
365 2003 525 2087 βασιλεῦς.
544 2027 548 2033 ·
566 2004 630 2089 ἐγώ
653 2008 690 2071 δὲ
708 2008 894 2089 α’ποκριθείς
914 2000 1002 2071 εἶπον
1022 2002 1071 2070 ότι
1093 2005 1173 2071 narei
1194 2012 1269 2072 νοῦν

168 2098 257 2186 είχον
285 2106 341 2169 καί
367 2102 427 2186 ἐγώ
461 2106 588 2189 αι’τῆσαι
617 2108 728 2186 μεῖζον
757 2100 923 2192 όφφίκιον,
953 2100 1029 2189 ὅπερ
1062 2104 1099 2167 οῦ
1123 2108 1269 2189 κέκτηται

169 2199 273 2286 ἄλλος,
292 2207 349 2269 καί
368 2198 443 2267 οῦτε
462 2204 577 2282 ζῶντός
597 2228 662 2285 μου
675 2206 867 2291 ειίεργετήση
887 2207 950 2269 τινί
966 2199 1062 2292 ἑτὲριρ
1078 2204 1160 2289 πλην
1177 2206 1267 2285 ἐμοῦ·

119 2334 161 2376 20
170 2305 227 2367 καί
246 2306 281 2368 τὸ
303 2304 423 2385 πρέπον
445 2299 548 2379 οῦτοος
567 2328 622 2383 μοι
655 2308 745 2367 δοκεῖ
762 2298 866 2383 εἶναι,
888 2300 907 2364 ίί
927 2306 984 2367 καί
1006 2302 1168 2385 όρέγομαι,
1196 2303 1270 2369 ἐπεί

168 2406 226 2465 καί
248 2401 310 2485 πρό
339 2406 396 2467 τοῦ
426 2404 576 2467 ἀπελθεῖν
597 2425 638 2484 με
666 2404 712 2478 είς
736 2404 961 2485 Τραπεζοῦντα
994 2404 1137 2466 τοσαῦτα
1160 2403 1265 2489 σ’νείῦη

167 2503 225 2568 καί
243 2500 432 2586 κατηγορίας
451 2494 572 2584 ἤκουσα
593 2502 649 2565 καί
665 2498 813 2589 ῦπέφεροι
834 2499 886 2565 διό
912 2499 947 2565 τό
968 2494 1050 2565 εἶναι
1061 2505 1117 2566 καί
1133 2498 1264 2587 ἐτέρους

245 2669 265 2704 ι.
284 2651 435 2706 κωλύσωσι
446 2668 500 2727 με,
528 2657 555 2707 εἰ
575 2652 689 2722 τύχοιΡ
789 2668 814 2703 2.
832 2650 867 2718 ἢν
888 2648 1065 2723 ὠμαίρίσωλ)
1152 2653 1177 2705 3.
1196 2659 1263 2725 περὶ

240 2725 340 2777 αἰτιῶν
358 2720 443 2776 ῦιιὶΡ
519 2742 556 2775 ιι.
578 2721 741 2795 φραιζῆνΡ
799 2724 837 2773 ι3.
857 2722 1020 2793 εόεργετηθη
1040 2720 1144 2775 αιίιόΡ
1220 2728 1258 2777 ι6.

238 2794 376 2867 ὀρέγομαι
394 2795 413 2845 P
501 2810 544 2845 ar.
562 2795 700 2852 τοσαύτας
717 2798 888 2865 κατηγορίας
909 2786 1097 2853 ὀνειδιστικίις
1115 2793 1221 2861 ἤκουσα
1239 2796 1260 2848 Ρ

166 2931 203 2983 ob
227 2948 284 2982 rem
302 2929 453 2999 perediam
481 2928 557 2982 ietud
580 2931 722 2997 negotium
743 2928 848 2981 absolvi
869 2926 991 3000 nequit.”
1010 2944 1059 2997 ego
1077 2930 1114 2979 ita
1132 2929 1260 2999 reapoudi

161 3000 255 3053 “sieut
283 3017 392 3062 censeo,
418 3002 581 3071 imperator,
609 3002 648 3052 ita
677 3016 718 3051 rer
745 3000 838 3051 habet.
867 3016 898 3051 ac
923 3007 1037 3071 propter
1063 3001 1128 3049 istas
1154 3001 1259 3067 gravie-

165 3075 246 3124 κίοιτε
273 3088 366 3121 musae
391 3073 491 3122 coniux
507 3086 585 3133 mea,
611 3086 687 3122 serva
708 3079 772 3131 tua,
802 3088 862 3121 cum
887 3070 999 3139 reliquie
1024 3070 1184 3138 propinquis
1201 3088 1259 3125 non

165 3142 288 3195 obstabit
316 3142 446 3203 fortene,
475 3142 621 3211 quominus
648 3141 781 3193 voluntati
808 3148 872 3192 tuae
898 3140 1050 3209 obsequar:
1082 3158 1162 3209 quam
1190 3140 1258 3193 bea-

164 3213 218 3277 bo,
270 3230 335 3263 uum
364 3211 486 3276 docebo,
509 3228 579 3281 quae
603 3212 751 3263 maiestatis
776 3220 840 3263 tuae
867 3212 953 3279 gratia
980 3209 1014 3263 de
1035 3210 1092 3261 fitia
1114 3227 1175 3262 mea
1200 3212 1259 3263 coi·
1291 3250 1294 3259 .

164 3230 282 3337 iocunda
307 3282 470 3345 decreverit,
496 3282 587 3351 deque
611 3281 724 3333 ditionis
751 3290 780 3333 et
809 3281 942 3333 honorum
961 3281 1102 3350 praemiis,
1120 3298 1185 3350 prae
1213 3299 1258 3334 ro.

164 3356 248 3425 liquie
264 3354 373 3406 seminia
391 3354 532 3405 nobilibus
550 3370 609 3404 earn
630 3350 781 3403 erectura.”
800 3353 838 3405 ita
858 3368 940 3421 quum
956 3359 1062 3419 tempus
1081 3350 1185 3420 prandii
1206 3352 1257 3405 ad·

164 3434 255 3488 esset,
279 3424 436 3476 adoratione
462 3424 549 3486 sacto,
575 3423 683 3474 domum
701 3422 819 3475 discessi.
839 3431 902 3491 poet
918 3422 1061 3492 prandium
1078 3438 1173 3489 magno
1192 3424 1256 3477 duci

163 3498 194 3547 in
213 3498 344 3564 palatium
363 3496 485 3547 venienti
506 3497 652 3563 imperator
669 3495 777 3558 retulit,
804 3510 875 3562 quae
898 3492 932 3545 de
949 3492 1075 3545 obeunda
1093 3494 1159 3545 mihi
1178 3495 1254 3561 lega-

162 3569 242 3619 tione
259 3583 365 3617 mecum
384 3567 490 3633 egioeet,
507 3582 614 3616 caueam
633 3573 724 3616 tamen
741 3582 797 3615 non
815 3565 940 3632 aperuit;
959 3563 1065 3615 addidit
1079 3572 1184 3627 autem,
1202 3580 1255 3625 pe·

162 3654 239 3691 erese
257 3654 330 3699 eree,
351 3645 382 3688 ut
399 3638 458 3706 ipae
480 3653 590 3707 quoque
608 3652 651 3686 me
670 3635 877 3697 cohonestaret,
904 3636 1032 3705 quoniam
1060 3650 1176 3695 manue,
1200 3650 1255 3704 qua

162 3710 306 3777 fungerer,
337 3724 393 3758 non
411 3723 459 3757 aaa
486 3709 584 3775 gratia,
611 3706 659 3758 aed
680 3706 866 3774 imperatorie,
892 3706 981 3756 fratris
1009 3706 1065 3767 sui,
1087 3704 1257 3759 bruerolen.

161 3782 204 3831 tia
216 3778 284 3831 mihi
302 3779 470 3846 impertitum
488 3788 572 3839 τιστις
594 3775 788 3847 mandavitque
808 3777 843 3835 ei,
862 3784 893 3827 ut
911 3776 985 3845 quod
1003 3792 1098 3827 αιιιιιιιι
1117 3785 1256 3844 optarem,

162 3867 198 3901 ex
215 3868 258 3902 me
284 3857 429 3918 quaereret
454 3857 482 3899 et
506 3847 559 3899 ubi
578 3850 755 3899 renuntiaret
783 3846 876 3916 itaque
906 3846 1029 3897 dimissus
1056 3845 1125 3909 dux,
1145 3846 1192 3897 ubi
1212 3866 1256 3900 me

161 3920 241 3982 vidit,
260 3920 373 3989 rogavit,
392 3917 467 3989 quod
483 3936 579 3971 manue
593 3918 628 3969 ab
646 3920 809 3987 imperatore
820 3917 887 3967 mihi
906 3916 964 3969 dari
978 3933 1114 3986 cuperem.
1132 3914 1166 3967 ad
1185 3935 1256 3988 quae

161 3994 204 4043 ita
221 3989 364 4059 reapondi:
380 3988 500 4060 “poeuim
519 3988 646 4058 equidem
658 4004 755 4041 mernor
777 3987 863 4039 maius
882 4004 954 4039 nune
972 3996 1075 4057 petere,
1094 3987 1168 4057 quod
1185 3990 1255 4041 aliur

161 4078 218 4115 non
238 4062 347 4124 habeat,
364 4058 495 4130 quoadque
521 4076 563 4111 me
589 4060 650 4111 viro
668 4068 776 4129 praeter
795 4074 837 4109 me
855 4058 957 4111 nemini
984 4059 1162 4125 impertiatur.
1180 4060 1257 4131 quod

161 4132 278 4185 honeste
298 4132 434 4203 petiturae
452 4128 648 4193 mildridam,
667 4130 740 4201 quie,
757 4138 903 4198 autequam
916 4130 1114 4198 Trapezuntem
1133 4128 1254 4194 discesti,
