3042 4817
267 270 349 361 188
594 302 769 368 cronon
797 298 1039 371 rnnanazan

261 455 365 521 κόσιοι
382 455 437 519 τόν
456 456 609 539 α’ριθμόν.
628 453 685 519 καί
703 450 802 529 οὕτως
823 457 971 537 εἰσῆλθον
988 450 1070 535 μετὰ
1092 454 1155 521 τιόν
1174 460 1357 541 σαλπίγγων

262 558 317 621 κατ’
338 554 455 630 παντὸς
483 558 592 638 γένους
612 557 778 635 μουσικοῦ.
830 551 849 637 ἡ
872 556 907 618 δὲ
926 552 1016 629 πόλις
1037 557 1126 619 πόσα
1147 558 1203 639 τῆς
1226 560 1355 642 Φερρα-

262 652 335 740 ριἀς
354 656 553 739 συνέδραμεν
573 656 654 742 ι’δεῑν
675 652 730 735 τὴν
750 657 809 717 τοῦ
829 653 920 734 ἁγίου
943 653 1032 738 ἡμῶν
1053 653 1273 722 αόθέντουκαί
1294 660 1355 736 βα-

262 757 376 828 σιλέως
397 751 521 818 ι’όλευσιν
540 752 621 834 μετὰ
642 754 752 827 αι’δοός
775 756 830 817 καί
849 757 943 837 τιμῆς
963 750 1019 817 καί
1037 756 1215 835 εδλαβείας.
1260 758 1315 819 καί
1336 754 1355 817 δ

260 858 321 935 μὲν
337 851 490 936 βασιλεός
519 855 687 930 ἐκαθέζετο
716 855 767 937 ἐφ’
799 855 898 917 ἵππου
930 850 1123 933 οδραιοκότου
1145 860 1281 934 μέλανος
1301 856 1385 923 aeid

262 955 507 1036 εδτρεπιομὲνου
520 950 600 1031 μετὰ
613 954 756 1036 ἐρυθροῦ
776 951 832 1015 καί
849 950 1097 1037 χρυσοόφόντου
1118 955 1275 1035 χασδιόυ·
1296 944 1355 1033 όρ-

261 1074 372 1134 χοντες
393 1054 428 1115 δὲ
450 1049 509 1115 καί
523 1074 606 1126 τινες
627 1047 718 1115 ἄλλοι
738 1054 959 1134 συνηπείγοιπο
979 1054 1076 1139 edrai,
1101 1048 1180 1133 μετδ
1202 1052 1358 1131 ου’ρανιάς

263 1153 460 1227 λευκοειδοῦς
486 1148 745 1229 ἐπισκεπόζοντες
769 1147 883 1231 αότόν,
907 1148 962 1215 καὶ
983 1146 1067 1233 αότιγ
1089 1152 1357 1232 ε’πιμελανίζονσα

264 1250 308 1325 οἷς
327 1250 399 1314 ἰδέα
420 1250 570 1332 οδρανοό.
622 1251 678 1315 κατ’
705 1253 811 1335 ἕτερος
832 1253 926 1326 ἵππος
949 1248 1059 1326 λευκός
1079 1247 1282 1334 δραιότατος,
1303 1252 1358 1313 ου’-

263 1350 470 1434 τρεπισμένος
486 1348 542 1413 καί
562 1347 659 1425 ου’τός
678 1349 717 1414 τδι
744 1345 838 1431 edrai,
860 1350 915 1414 καὶ
933 1351 1076 1434 χρυσοῦς
1098 1347 1208 1425 αἐτοός
1230 1350 1410 1417 ἐπὶτοῦτο

260 1446 401 1531 γασδόου
421 1448 504 1530 ἔχων
524 1453 580 1514 καί
600 1452 692 1534 ἕτερα
713 1452 824 1534 γρυσιῖ
853 1454 1027 1531 πλέγματα,
1050 1447 1219 1535 ἐπορεύετο
1239 1446 1358 1534 ἔμπρο-

163 1575 167 1586 “
263 1553 343 1615 σθεν
359 1550 416 1613 τοῦ
436 1548 610 1632 βασιλέως,
630 1549 676 1633 μὴ
699 1548 782 1631 ἔχων
803 1547 978 1631 α’ναβότην.
1022 1548 1039 1613 ό
1063 1552 1098 1615 δὲ
1118 1549 1361 1631 μακαριώτατος

262 1646 372 1724 πάντας
403 1640 444 1732 ἦν
473 1646 650 1739 καθὴμρνος
676 1648 730 1713 ἐπὶ
758 1652 814 1714 rori
840 1652 995 1713 παλατιόυ
1016 1647 1118 1713 ου’τοό
1139 1646 1219 1727 μετδ
1241 1644 1360 1724 παντός

262 1751 321 1813 τοῦ
350 1750 485 1833 κλήρου,
514 1748 730 1835 καρδινοὶλεαιν
758 1745 877 1833 δηλαδὴ
917 1749 1155 1831 μητροπολιτοῖν
1184 1744 1361 1813 ε’πισκόπονν

262 1846 375 1931 ἱερέων
404 1847 461 1914 καί
491 1842 595 1913 ἄλλων
626 1852 684 1914 τοῦ
718 1847 881 1932 ἱερατικοῦ
901 1849 1093 1929 καταλόγου,
1119 1846 1176 1913 καί
1195 1848 1411 1932 α’ρχόνταινιό

262 1949 318 2013 eoi
335 1949 501 2013 αδθεντοόν
518 1952 661 2031 πολλῶν,
683 1944 888 2031 ἐνδεχόμενα
912 1944 1133 2027 τὸνβασιλέα.
1178 1950 1233 2011 καί
1252 1945 1361 2011 ἐλθόν-

261 2070 314 2123 τες
331 2044 362 2111 οἱ
383 2044 563 2133 ἔμπροσθεν
589 2045 743 2134 ἔφιπποι,
774 2049 857 2123 τινὲς
877 2050 937 2129 μὲν
958 2050 1022 2111 τῶν
1042 2046 1209 2129 ἀρχόντων
1230 2048 1368 2125 irrideo?

263 2146 416 2229 σαν,καί
443 2145 579 2221 ου’τόςδ
607 2144 783 2230 δεσπότης,
819 2146 874 2211 καί
893 2148 1043 2229 εἰσῆλθον
1068 2145 1122 2210 διό
1146 2150 1202 2227 τῆς
1223 2145 1365 2229 μεγάλης

270 2247 374 2330 πόλης
391 2244 481 2311 ἔνδον
500 2244 557 2310 τοῦ
579 2247 743 2328 παλατόου,
766 2236 806 2309 οδ
825 2240 866 2331 ἦν
887 2244 905 2309 δ
927 2244 1054 2320 πόπας·
1097 2244 1153 2310 τόν
1172 2248 1207 2308 δὲ
1227 2248 1365 2327 βασιλέα

269 2342 437 2428 εἰσήγαγον
458 2341 596 2430 ἔφιππον
618 2347 659 2408 δι’
672 2340 781 2428 ἑτέρας
803 2345 917 2429 πόλκγς.
960 2344 1053 2427 γνοός
1074 2338 1131 2409 ode
1151 2342 1167 2409 ό
1186 2341 1294 2420 πόπας
1316 2338 1414 2414 dccco

270 2442 363 2525 ἐγγύς
383 2446 451 2509 ἐστι
475 2446 531 2525 τῆς
550 2440 687 2526 πόληςδ
709 2442 871 2525 βασιλεύς,
894 2444 1005 2527 δνέστη
1027 2446 1083 2509 καί
1102 2441 1293 2527 περιεπάτει.
1328 2440 1366 2509 όν

272 2544 328 2605 καί
348 2534 442 2623 εὗρεν
475 2538 664 2624 όβασιλτδς
682 2536 814 2626 ὄρθιον·
856 2546 911 2607 καί
928 2544 1031 2607 θέλων
1052 2547 1283 2627 γονυπετῆσοιι,
1308 2544 1366 2609 ουίι

273 2640 397 2727 α’ρνῆκεν
415 2640 551 2706 αδτόνδ
575 2638 682 2719 πόπας
711 2642 780 2707 ἀλλ’
801 2644 937 2760 ἑδέξατρ
949 2640 1049 2709 ου’τδν
1070 2644 1115 2719 εἰς
1135 2640 1209 2717 τοός
1231 2642 1366 2719 κόλπους

347 2843 372 2878 a.
389 2826 572 2901 μουσικῶνΡ
667 2846 707 2880 ιο.
727 2828 778 2882 τοῦ
798 2828 881 2881 omP
955 2845 995 2897 ¹7·
1013 2826 1226 2893 ἐπέζευξανΜΡ

272 2980 482 3029 strumentorum
501 2976 589 3027 omnia
608 2975 714 3044 generis
733 2976 866 3043 strepitu3
885 2975 1079 3097 copcnrritque
1098 2975 1191 3027 civitas
1211 2972 1367 3025 Ferrarien·

272 3046 343 3097 aium
362 3047 485 3097 univerae
503 3045 703 3098 adridendum
722 3046 896 3097 sacratissimi
936 3046 1017 3097 omini
1044 3046 1129 3097 nostri
1151 3053 1179 3095 et
1195 3045 1365 3113 imperatoria

271 3116 424 3179 introitum,
444 3133 505 3168 cum
523 3116 709 3179 observantia,
728 3116 832 3168 honore
850 3125 878 3168 et
896 3116 1069 3169 verecundia.
1087 3114 1201 3169 cedebat
1217 3115 1366 3183 imperator

270 3189 300 3239 in
317 3203 387 3257 equo
406 3188 601 3239 formosissimo
623 3188 694 3255 nigri
712 3187 827 3250 coloris,
845 3188 890 3238 cui
911 3188 1040 3239 iniectum
1068 3196 1125 3239 erat
1152 3194 1265 3237 atratum
1285 3184 1366 3237 serici

270 3258 363 3311 villosi
380 3274 530 3327 purpuram
547 3267 577 3310 et
594 3274 660 3309 auro
674 3259 860 3310 intertextum.
880 3256 1020 3327 stipabant
1034 3274 1096 3309 eum
1114 3258 1250 3326 principes
1269 3264 1298 3307 et
1315 3255 1367 3307 aiii

184 3366 187 3373 .
243 3337 248 3350 ·
270 3328 397 3399 qnidam,
416 3328 512 3380 aulaeo
537 3328 648 3381 candidi
676 3330 775 3382 eoloris
804 3344 865 3381 eum
889 3337 1050 3398 opacantea,
1068 3328 1218 3396 nigricante
1235 3337 1367 3396 tanquam

270 3400 342 3453 coeii
368 3400 465 3468 imago.
494 3399 565 3451 aliur
589 3416 676 3469 equus
700 3398 833 3451 candidus
862 3406 891 3450 et
912 3400 971 3469 ipse
997 3399 1204 3452 sormoriaaimue
1228 3406 1255 3449 et
1279 3396 1365 3449 simili

269 3470 352 3523 modo
377 3479 501 3532 ornatus,
519 3471 548 3520 in
566 3470 641 3521 cuine
657 3478 743 3521 atrato
770 3470 878 3541 aquilae
896 3470 1022 3541 aliaeque
1039 3471 1138 3537 figurae
1157 3486 1222 3520 atrro
1241 3469 1367 3520 intextae

270 3548 358 3604 erant,
375 3542 564 3611 imperatorem
583 3540 779 3609 praecedebat,
806 3558 897 3595 carens
916 3542 1018 3611 equite.
1041 3541 1224 3593 canctisdmur
1243 3554 1315 3609 papa
1334 3538 1366 3591 in

270 3614 374 3683 palatio
400 3630 449 3664 ειιο
467 3630 527 3664 eum
545 3620 606 3663 toto
623 3610 745 3671 clero,h.
762 3628 785 3662 e.
813 3613 977 3680 purpuratis,
1002 3611 1200 3679 metropolitis,
1219 3610 1365 3679 episcopie,

271 3683 477 3744 cacerdotibus,
501 3684 654 3752 ceterisque
685 3683 884 3745 ecclesiasticis,
905 3691 934 3734 et
952 3682 1015 3734 viria
1034 3680 1203 3750 principibus
1224 3698 1255 3731 ac
1274 3680 1367 3733 dorni-

271 3756 315 3807 nit
333 3755 436 3814 moitis,
453 3754 644 3820 imperatorem
657 3760 826 3822 exspectans,
844 3752 965 3807 sedebat.
985 3750 1113 3813 advectio,
1128 3753 1176 3821 qui
1195 3766 1289 3819 agmen
1310 3750 1364 3803 du-

271 3824 387 3887 cebant,
404 3824 559 3893 equitibus,
589 3840 604 3873 e
623 3824 793 3892 principibus
818 3823 945 3877 nonnulii
969 3822 1185 3883 descenderunt,
1204 3824 1366 3892 intorques

272 3896 332 3964 ipse
350 3894 464 3963 despota
480 3895 541 3957 fuit,
561 3911 591 3944 ac
609 3912 658 3962 prr
677 3910 798 3961 magnam
823 3903 928 3962 portam
946 3894 1059 3963 palatii,
1078 3893 1125 3943 ubi
1144 3910 1212 3961 papa
1234 3900 1301 3954 erat,
1319 3892 1364 3943 in-

273 3966 357 4034 grcssi
376 3975 456 4031 σαντες
480 3966 668 4036 imperatorem
686 3982 736 4033 per
762 3966 842 4015 aliam
866 3973 971 4033 portam
989 3982 1061 4035 equo
1087 3962 1253 4015 insidentem
1273 3964 1365 4015 intro-

274 4036 418 4089 duxerunt.
447 4052 533 4105 papa,
561 4038 686 4102 cognito,
713 4036 901 4103 imperatorem
926 4034 960 4085 ad
987 4044 1092 4103 portam
1118 4033 1226 4095 adesse,
1248 4036 1365 4085 otrrrexit

274 4116 303 4159 et
323 4106 513 4169 inambulavit,
533 4108 617 4159 etita
642 4106 728 4173 spatia
754 4106 899 4157 facientem
923 4105 1036 4158 offendit
1056 4122 1117 4157 earn
1136 4105 1296 4174 imperator:
1316 4106 1364 4175 qui

274 4196 357 4250 quum
377 4179 406 4232 in
432 4193 518 4246 genna
539 4177 622 4233 vellet
647 4176 838 4247 procumbere,
858 4192 914 4231 non
944 4176 971 4229 id
990 4176 1111 4248 permisit
1130 4192 1215 4246 papa,
1234 4174 1283 4228 aed
1301 4192 1366 4229 eum
