<?xml version="1.0" encoding="UTF-8"?>
<!DOCTYPE html PUBLIC "-//W3C//DTD XHTML 1.0 Transitional//EN"
    "http://www.w3.org/TR/xhtml1/DTD/xhtml1-transitional.dtd">
<html xmlns="http://www.w3.org/1999/xhtml" xml:lang="en" lang="en">
 <head>
  <title>
</title>
<meta http-equiv="Content-Type" content="text/html;charset=utf-8" />
  <meta name='ocr-system' content='tesseract 3.04.00' />
  <meta name='ocr-capabilities' content='ocr_page ocr_carea ocr_par ocr_line ocrx_word'/>
</head>
<body>
  <div class='ocr_page' id='page_1' title='image "./corpusscriptoru48theogoog/corpusscriptoru48theogoog_0120.png"; bbox 0 0 3042 4817; ppageno 0'>
   <div class='ocr_carea' id='block_1_1' title="bbox 288 261 1044 353">
    <p class='ocr_par' dir='ltr' id='par_1_1' title="bbox 288 261 1044 353">
     <span class='ocr_line' id='line_1_1' title="bbox 288 261 1044 353; baseline 0.013 -10"><span class='ocrx_word' id='word_1_1' title='bbox 288 261 368 345; x_wconf 84' lang='lat'>108</span> <span class='ocrx_word' id='word_1_2' title='bbox 597 288 773 353; x_wconf 67' lang='lat' dir='ltr'>onolton</span> <span class='ocrx_word' id='word_1_3' title='bbox 803 289 1044 353; x_wconf 71' lang='lat' dir='ltr'>erramrmrz</span> 
     </span>
    </p>
   </div>
   <div class='ocr_carea' id='block_1_2' title="bbox 175 424 1424 2507">
    <p class='ocr_par' dir='ltr' id='par_1_2' title="bbox 175 424 1424 2008">
     <span class='ocr_line' id='line_1_2' title="bbox 280 424 1375 523; baseline -0.003 -21"><span class='ocrx_word' id='word_1_4' title='bbox 280 437 336 502; x_wconf 87' lang='grc' dir='ltr'><strong><em>τόν</em></strong></span> <span class='ocrx_word' id='word_1_5' title='bbox 358 436 501 518; x_wconf 89' lang='grc' dir='ltr'><strong><em>Ἰσθμόν,</em></strong></span> <span class='ocrx_word' id='word_1_6' title='bbox 521 428 561 501; x_wconf 74' lang='lat' dir='ltr'>ori</span> <span class='ocrx_word' id='word_1_7' title='bbox 584 438 641 522; x_wconf 82' lang='grc' dir='ltr'><strong><em>ιιέρ</em></strong></span> <span class='ocrx_word' id='word_1_8' title='bbox 664 438 780 503; x_wconf 80' lang='grc' dir='ltr'><strong><em>ἔστιτὸ</em></strong></span> <span class='ocrx_word' id='word_1_9' title='bbox 802 442 901 523; x_wconf 75' lang='grc' dir='ltr'><strong><em>μῆκος</em></strong></span> <span class='ocrx_word' id='word_1_10' title='bbox 922 434 945 523; x_wconf 70' lang='grc' dir='ltr'>η’</span> <span class='ocrx_word' id='word_1_11' title='bbox 964 442 1084 519; x_wconf 85' lang='grc' dir='ltr'><strong><em>μάλλον</em></strong></span> <span class='ocrx_word' id='word_1_12' title='bbox 1104 440 1202 504; x_wconf 75' lang='grc' dir='ltr'><strong><em>εἰπεῖν</em></strong></span> <span class='ocrx_word' id='word_1_13' title='bbox 1219 432 1258 504; x_wconf 87' lang='grc' dir='ltr'><strong><em>τό</em></strong></span> <span class='ocrx_word' id='word_1_14' title='bbox 1278 424 1375 519; x_wconf 80' lang='grc' dir='ltr'><strong><em>εῦρσς</em></strong></span> 
     </span>
     <span class='ocr_line' id='line_1_3' title="bbox 280 532 1375 623; baseline 0 -22"><span class='ocrx_word' id='word_1_15' title='bbox 280 537 318 601; x_wconf 70' lang='grc' dir='ltr'>ἐκ</span> <span class='ocrx_word' id='word_1_16' title='bbox 347 536 425 616; x_wconf 82' lang='grc' dir='ltr'><strong><em>μιάς</em></strong></span> <span class='ocrx_word' id='word_1_17' title='bbox 455 534 615 619; x_wconf 88' lang='grc' dir='ltr'><strong><em>θαλάττης</em></strong></span> <span class='ocrx_word' id='word_1_18' title='bbox 648 540 694 613; x_wconf 80' lang='grc' dir='ltr'><strong><em>εἰς</em></strong></span> <span class='ocrx_word' id='word_1_19' title='bbox 713 535 771 621; x_wconf 76' lang='grc' dir='ltr'><strong><em>τὴν</em></strong></span> <span class='ocrx_word' id='word_1_20' title='bbox 799 532 911 621; x_wconf 71' lang='grc' dir='ltr'><strong><em>ἑτέραν</em></strong></span> <span class='ocrx_word' id='word_1_21' title='bbox 935 537 1081 621; x_wconf 73' lang='grc' dir='ltr'><strong><em>όργυίαις</em></strong></span> <span class='ocrx_word' id='word_1_22' title='bbox 1107 540 1297 623; x_wconf 73' lang='grc' dir='ltr'><strong><em>τρισχιλίοις</em></strong></span> <span class='ocrx_word' id='word_1_23' title='bbox 1319 535 1375 601; x_wconf 77' lang='grc' dir='ltr'><strong><em>κατ’</em></strong></span> 
     </span>
     <span class='ocr_line' id='line_1_4' title="bbox 175 626 1375 725; baseline -0.003 -24"><span class='ocrx_word' id='word_1_24' title='bbox 175 718 179 725; x_wconf 25' lang='grc' dir='ltr'>Ι</span> <span class='ocrx_word' id='word_1_25' title='bbox 279 636 490 711; x_wconf 69' lang='grc' dir='ltr'><strong><em>άκτακοσιλιις·</em></strong></span> <span class='ocrx_word' id='word_1_26' title='bbox 533 636 568 700; x_wconf 87' lang='grc' dir='ltr'><strong><em>τό</em></strong></span> <span class='ocrx_word' id='word_1_27' title='bbox 591 638 626 701; x_wconf 76' lang='grc' dir='ltr'>δὲ</span> <span class='ocrx_word' id='word_1_28' title='bbox 647 634 768 722; x_wconf 84' lang='grc' dir='ltr'><strong><em>μάκρσς</em></strong></span> <span class='ocrx_word' id='word_1_29' title='bbox 789 639 825 701; x_wconf 85' lang='grc' dir='ltr'>εἰι</span> <span class='ocrx_word' id='word_1_30' title='bbox 846 640 901 715; x_wconf 76' lang='grc' dir='ltr'>τῆς</span> <span class='ocrx_word' id='word_1_31' title='bbox 923 641 1042 723; x_wconf 82' lang='grc' dir='ltr'><strong><em>χέρσου</em></strong></span> <span class='ocrx_word' id='word_1_32' title='bbox 1064 642 1119 721; x_wconf 81' lang='grc' dir='ltr'>τῆς</span> <span class='ocrx_word' id='word_1_33' title='bbox 1133 634 1281 713; x_wconf 78' lang='grc' dir='ltr'><strong><em>Ἑλλάδος</em></strong></span> <span class='ocrx_word' id='word_1_34' title='bbox 1302 626 1375 719; x_wconf 77' lang='grc' dir='ltr'><strong><em>ἦτοι</em></strong></span> 
     </span>
     <span class='ocr_line' id='line_1_5' title="bbox 279 732 1374 823; baseline -0.003 -23"><span class='ocrx_word' id='word_1_35' title='bbox 279 737 335 819; x_wconf 81' lang='grc' dir='ltr'>τῆς</span> <span class='ocrx_word' id='word_1_36' title='bbox 354 736 494 818; x_wconf 79' lang='grc' dir='ltr'>Ἀττικῆς</span> <span class='ocrx_word' id='word_1_37' title='bbox 512 739 569 820; x_wconf 73' lang='grc' dir='ltr'><strong><em>γῆς</em></strong></span> <span class='ocrx_word' id='word_1_38' title='bbox 588 734 667 815; x_wconf 83' lang='grc' dir='ltr'><strong><em>μετά</em></strong></span> <span class='ocrx_word' id='word_1_39' title='bbox 687 734 724 799; x_wconf 90' lang='grc' dir='ltr'><strong><em>τό</em></strong></span> <span class='ocrx_word' id='word_1_40' title='bbox 749 739 928 820; x_wconf 76' lang='grc' dir='ltr'><strong><em>καταβῆναι</em></strong></span> <span class='ocrx_word' id='word_1_41' title='bbox 957 736 1016 820; x_wconf 75' lang='grc' dir='ltr'><strong><em>τὴν</em></strong></span> <span class='ocrx_word' id='word_1_42' title='bbox 1043 746 1194 823; x_wconf 78' lang='grc' dir='ltr'><strong><em>τραχεῖαν</em></strong></span> <span class='ocrx_word' id='word_1_43' title='bbox 1221 732 1297 801; x_wconf 81' lang='grc' dir='ltr'><strong><em>ὁδόν</em></strong></span> <span class='ocrx_word' id='word_1_44' title='bbox 1314 736 1374 817; x_wconf 81' lang='grc' dir='ltr'><strong><em>τὴν</em></strong></span> 
     </span>
     <span class='ocr_line' id='line_1_6' title="bbox 279 830 1402 921; baseline -0.004 -21"><span class='ocrx_word' id='word_1_45' title='bbox 279 839 447 919; x_wconf 77' lang='grc' dir='ltr'><strong><em>λεγομένην</em></strong></span> <span class='ocrx_word' id='word_1_46' title='bbox 468 835 612 917; x_wconf 87' lang='grc' dir='ltr'><strong><em>Πλάγιον</em></strong></span> <span class='ocrx_word' id='word_1_47' title='bbox 631 831 762 916; x_wconf 69' lang='lat' dir='ltr'>Koria,</span> <span class='ocrx_word' id='word_1_48' title='bbox 793 838 853 912; x_wconf 76' lang='grc' dir='ltr'><strong><em>ἕως</em></strong></span> <span class='ocrx_word' id='word_1_49' title='bbox 873 840 927 921; x_wconf 79' lang='grc' dir='ltr'>τῆς</span> <span class='ocrx_word' id='word_1_50' title='bbox 955 834 1105 913; x_wconf 76' lang='grc' dir='ltr'>πεδιάδος</span> <span class='ocrx_word' id='word_1_51' title='bbox 1125 839 1266 901; x_wconf 76' lang='grc' dir='ltr'><strong><em>κάτωθεν</em></strong></span> <span class='ocrx_word' id='word_1_52' title='bbox 1286 830 1402 919; x_wconf 64' lang='lat' dir='ltr'>oriri-5</span> 
     </span>
     <span class='ocr_line' id='line_1_7' title="bbox 278 924 1373 1023; baseline -0.005 -23"><span class='ocrx_word' id='word_1_53' title='bbox 278 960 353 1015; x_wconf 87' lang='grc' dir='ltr'><strong><em>σαι,</em></strong></span> <span class='ocrx_word' id='word_1_54' title='bbox 384 938 418 998; x_wconf 83' lang='grc' dir='ltr'>ἐν</span> <span class='ocrx_word' id='word_1_55' title='bbox 438 926 463 1023; x_wconf 76' lang='grc' dir='ltr'><em>ᾧ</em></span> <span class='ocrx_word' id='word_1_56' title='bbox 484 932 570 1023; x_wconf 79' lang='grc' dir='ltr'><strong><em>τόπιρ</em></strong></span> <span class='ocrx_word' id='word_1_57' title='bbox 589 924 630 1015; x_wconf 74' lang='grc' dir='ltr'>ἦν</span> <span class='ocrx_word' id='word_1_58' title='bbox 647 936 814 999; x_wconf 79' lang='grc' dir='ltr'><strong><em>κτισθέντα</em></strong></span> <span class='ocrx_word' id='word_1_59' title='bbox 844 930 883 1000; x_wconf 87' lang='grc' dir='ltr'><strong><em>τά</em></strong></span> <span class='ocrx_word' id='word_1_60' title='bbox 908 939 997 1018; x_wconf 82' lang='grc' dir='ltr'><strong><em>τείχη</em></strong></span> <span class='ocrx_word' id='word_1_61' title='bbox 1023 939 1127 1001; x_wconf 88' lang='grc' dir='ltr'><strong><em>ταῦτα</em></strong></span> <span class='ocrx_word' id='word_1_62' title='bbox 1145 939 1202 1000; x_wconf 89' lang='grc' dir='ltr'>τοῦ</span> <span class='ocrx_word' id='word_1_63' title='bbox 1218 934 1373 1013; x_wconf 87' lang='grc' dir='ltr'><strong><em>Ἰσθμοῦ,</em></strong></span> 
     </span>
     <span class='ocr_line' id='line_1_8' title="bbox 278 1031 1374 1117; baseline -0.003 -18"><span class='ocrx_word' id='word_1_64' title='bbox 278 1036 394 1099; x_wconf 76' lang='grc' dir='ltr'><strong><em>στάδια</em></strong></span> <span class='ocrx_word' id='word_1_65' title='bbox 414 1031 590 1116; x_wconf 84' lang='grc' dir='ltr'><strong><em>τριάκοντα.</em></strong></span> <span class='ocrx_word' id='word_1_66' title='bbox 640 1031 702 1098; x_wconf 88' lang='grc' dir='ltr'>άπό</span> <span class='ocrx_word' id='word_1_67' title='bbox 734 1036 771 1098; x_wconf 78' lang='grc' dir='ltr'>δὲ</span> <span class='ocrx_word' id='word_1_68' title='bbox 797 1035 859 1098; x_wconf 85' lang='grc' dir='ltr'><strong><em>τοῦν</em></strong></span> <span class='ocrx_word' id='word_1_69' title='bbox 883 1040 999 1117; x_wconf 83' lang='grc' dir='ltr'><strong><em>τειχιῦν</em></strong></span> <span class='ocrx_word' id='word_1_70' title='bbox 1012 1037 1068 1100; x_wconf 85' lang='grc' dir='ltr'>τοῦ</span> <span class='ocrx_word' id='word_1_71' title='bbox 1086 1034 1216 1115; x_wconf 88' lang='grc' dir='ltr'><strong><em>Ἰσθμοῦ</em></strong></span> <span class='ocrx_word' id='word_1_72' title='bbox 1237 1036 1296 1107; x_wconf 82' lang='grc' dir='ltr'><strong><em>ἓως</em></strong></span> <span class='ocrx_word' id='word_1_73' title='bbox 1316 1037 1374 1116; x_wconf 82' lang='grc' dir='ltr'>τῆς</span> 
     </span>
     <span class='ocr_line' id='line_1_9' title="bbox 198 1132 1375 1219; baseline -0.006 -20"><span class='ocrx_word' id='word_1_74' title='bbox 198 1176 202 1185; x_wconf 80' lang='lat'><em>,</em></span> <span class='ocrx_word' id='word_1_75' title='bbox 279 1137 445 1218; x_wconf 74' lang='grc' dir='ltr'>Κορίνθου</span> <span class='ocrx_word' id='word_1_76' title='bbox 460 1135 518 1197; x_wconf 90' lang='grc' dir='ltr'>τοῦ</span> <span class='ocrx_word' id='word_1_77' title='bbox 537 1133 618 1217; x_wconf 81' lang='grc' dir='ltr'><strong><em>ῦπὲρ</em></strong></span> <span class='ocrx_word' id='word_1_78' title='bbox 639 1135 775 1219; x_wconf 72' lang='grc' dir='ltr'><strong><em>νεφέλας</em></strong></span> <span class='ocrx_word' id='word_1_79' title='bbox 790 1133 947 1219; x_wconf 76' lang='grc' dir='ltr'><strong><em>φρουρίου</em></strong></span> <span class='ocrx_word' id='word_1_80' title='bbox 958 1135 1083 1215; x_wconf 82' lang='grc' dir='ltr'><strong><em>βουνοῦν</em></strong></span> <span class='ocrx_word' id='word_1_81' title='bbox 1101 1132 1226 1198; x_wconf 78' lang='grc' dir='ltr'><strong><em>καὶτοῦ</em></strong></span> <span class='ocrx_word' id='word_1_82' title='bbox 1241 1133 1375 1210; x_wconf 88' lang='grc' dir='ltr'><strong><em>Ἰσθμοῦ</em></strong></span> 
     </span>
     <span class='ocr_line' id='line_1_10' title="bbox 276 1219 1374 1317; baseline -0.005 -19"><span class='ocrx_word' id='word_1_83' title='bbox 276 1219 363 1307; x_wconf 70' lang='grc' dir='ltr'><strong><em>τέλος</em></strong></span> <span class='ocrx_word' id='word_1_84' title='bbox 382 1228 497 1297; x_wconf 82' lang='grc' dir='ltr'><strong><em>στάδια</em></strong></span> <span class='ocrx_word' id='word_1_85' title='bbox 524 1228 709 1317; x_wconf 84' lang='grc' dir='ltr'><strong><em>ῦπάρχουσι</em></strong></span> <span class='ocrx_word' id='word_1_86' title='bbox 738 1231 852 1297; x_wconf 87' lang='grc' dir='ltr'><strong><em>πολλά.</em></strong></span> <span class='ocrx_word' id='word_1_87' title='bbox 906 1230 989 1297; x_wconf 76' lang='grc' dir='ltr'><strong><em>ἔοικε</em></strong></span> <span class='ocrx_word' id='word_1_88' title='bbox 1015 1235 1051 1297; x_wconf 76' lang='grc' dir='ltr'>δὲ</span> <span class='ocrx_word' id='word_1_89' title='bbox 1081 1232 1101 1317; x_wconf 79' lang='grc' dir='ltr'><em>ἦ</em></span> <span class='ocrx_word' id='word_1_90' title='bbox 1131 1230 1374 1314; x_wconf 80' lang='grc' dir='ltr'><strong><em>Πελοπόννησος</em></strong></span> 
     </span>
     <span class='ocr_line' id='line_1_11' title="bbox 275 1326 1424 1419; baseline -0.001 -23"><span class='ocrx_word' id='word_1_91' title='bbox 275 1331 438 1396; x_wconf 74' lang='grc' dir='ltr'><strong><em>πλατάνου</em></strong></span> <span class='ocrx_word' id='word_1_92' title='bbox 463 1326 573 1419; x_wconf 82' lang='grc' dir='ltr'><strong><em>φάλλιρ</em></strong></span> <span class='ocrx_word' id='word_1_93' title='bbox 603 1334 649 1406; x_wconf 74' lang='grc' dir='ltr'><strong><em>εἰς</em></strong></span> <span class='ocrx_word' id='word_1_94' title='bbox 678 1329 801 1412; x_wconf 87' lang='grc' dir='ltr'><strong><em>πάντα,</em></strong></span> <span class='ocrx_word' id='word_1_95' title='bbox 834 1335 891 1395; x_wconf 91' lang='grc' dir='ltr'>τοῦ</span> <span class='ocrx_word' id='word_1_96' title='bbox 924 1333 961 1395; x_wconf 80' lang='grc' dir='ltr'>δὲ</span> <span class='ocrx_word' id='word_1_97' title='bbox 991 1332 1114 1417; x_wconf 78' lang='grc' dir='ltr'><strong><em>φύλλου</em></strong></span> <span class='ocrx_word' id='word_1_98' title='bbox 1142 1327 1177 1395; x_wconf 89' lang='grc' dir='ltr'><strong><em>τό</em></strong></span> <span class='ocrx_word' id='word_1_99' title='bbox 1203 1332 1319 1405; x_wconf 85' lang='grc' dir='ltr'><strong><em>καῦλσς</em></strong></span> <span class='ocrx_word' id='word_1_100' title='bbox 1356 1326 1424 1395; x_wconf 77' lang='lat' dir='ltr'>(iro</span> 
     </span>
     <span class='ocr_line' id='line_1_12' title="bbox 272 1424 1374 1519; baseline -0.005 -22"><span class='ocrx_word' id='word_1_101' title='bbox 272 1428 401 1512; x_wconf 83' lang='grc' dir='ltr'><strong><em>Ἰσθμός</em></strong></span> <span class='ocrx_word' id='word_1_102' title='bbox 415 1430 508 1498; x_wconf 87' lang='grc' dir='ltr'><strong><em>ε’στιν.</em></strong></span> <span class='ocrx_word' id='word_1_103' title='bbox 531 1424 682 1515; x_wconf 84' lang='grc' dir='ltr'><strong><em>άνὲστησε</em></strong></span> <span class='ocrx_word' id='word_1_104' title='bbox 694 1432 730 1495; x_wconf 78' lang='grc' dir='ltr'>δὲ</span> <span class='ocrx_word' id='word_1_105' title='bbox 744 1432 883 1514; x_wconf 80' lang='grc' dir='ltr'><strong><em>πύργους</em></strong></span> <span class='ocrx_word' id='word_1_106' title='bbox 903 1428 936 1494; x_wconf 80' lang='grc' dir='ltr'>ἐν</span> <span class='ocrx_word' id='word_1_107' title='bbox 952 1432 1037 1519; x_wconf 77' lang='grc' dir='ltr'><strong><em>αῦτῷ</em></strong></span> <span class='ocrx_word' id='word_1_108' title='bbox 1055 1424 1168 1493; x_wconf 75' lang='grc' dir='ltr'><strong><em>ἑκατόν</em></strong></span> <span class='ocrx_word' id='word_1_109' title='bbox 1182 1428 1374 1511; x_wconf 78' lang='grc' dir='ltr'><strong><em>πεντήκοντα</em></strong></span> 
     </span>
     <span class='ocr_line' id='line_1_13' title="bbox 276 1522 1374 1618; baseline -0.002 -25"><span class='ocrx_word' id='word_1_110' title='bbox 276 1533 333 1595; x_wconf 84' lang='grc' dir='ltr'><strong><em>καί</em></strong></span> <span class='ocrx_word' id='word_1_111' title='bbox 351 1537 446 1613; x_wconf 84' lang='grc' dir='ltr'><strong><em>τρεῖς.</em></strong></span> <span class='ocrx_word' id='word_1_112' title='bbox 487 1532 542 1594; x_wconf 78' lang='grc' dir='ltr'><strong><em>κατ’</em></strong></span> <span class='ocrx_word' id='word_1_113' title='bbox 563 1528 596 1594; x_wconf 83' lang='grc' dir='ltr'>ἔν</span> <span class='ocrx_word' id='word_1_114' title='bbox 610 1554 673 1593; x_wconf 93' lang='grc' dir='ltr'><strong><em>τινι</em></strong></span> <span class='ocrx_word' id='word_1_115' title='bbox 686 1527 849 1618; x_wconf 75' lang='grc' dir='ltr'><strong><em>μαρμάρῳ</em></strong></span> <span class='ocrx_word' id='word_1_116' title='bbox 864 1522 959 1615; x_wconf 75' lang='grc' dir='ltr'><strong><em>εὖρον</em></strong></span> <span class='ocrx_word' id='word_1_117' title='bbox 977 1527 1152 1611; x_wconf 89' lang='grc' dir='ltr'><strong><em>γράμματα</em></strong></span> <span class='ocrx_word' id='word_1_118' title='bbox 1171 1532 1374 1611; x_wconf 78' lang='grc' dir='ltr'><strong><em>γεγραμμένα</em></strong></span> 
     </span>
     <span class='ocr_line' id='line_1_14' title="bbox 278 1624 1374 1715; baseline -0.002 -22"><span class='ocrx_word' id='word_1_119' title='bbox 278 1632 406 1712; x_wconf 74' lang='grc' dir='ltr'><strong><em>λέγοντα</em></strong></span> <span class='ocrx_word' id='word_1_120' title='bbox 428 1624 528 1705; x_wconf 83' lang='grc' dir='ltr'><strong><em>υῦτυς</em></strong></span> <span class='ocrx_word' id='word_1_121' title='bbox 542 1628 640 1715; x_wconf 68' lang='lat' dir='ltr'>“oric</span> <span class='ocrx_word' id='word_1_122' title='bbox 660 1634 696 1695; x_wconf 77' lang='grc' dir='ltr'>ἐκ</span> <span class='ocrx_word' id='word_1_123' title='bbox 717 1629 837 1715; x_wconf 84' lang='grc' dir='ltr'><strong><em>φωτός,</em></strong></span> <span class='ocrx_word' id='word_1_124' title='bbox 870 1628 947 1703; x_wconf 87' lang='grc' dir='ltr'><strong><em>θεός</em></strong></span> <span class='ocrx_word' id='word_1_125' title='bbox 967 1626 1122 1711; x_wconf 86' lang='grc' dir='ltr'><strong><em>άληθινός</em></strong></span> <span class='ocrx_word' id='word_1_126' title='bbox 1143 1628 1177 1691; x_wconf 78' lang='grc' dir='ltr'>ἐκ</span> <span class='ocrx_word' id='word_1_127' title='bbox 1196 1632 1276 1691; x_wconf 88' lang='grc' dir='ltr'><strong><em>θεοῦ</em></strong></span> <span class='ocrx_word' id='word_1_128' title='bbox 1295 1627 1374 1709; x_wconf 88' lang='grc' dir='ltr'><strong><em>άλη-</em></strong></span> 
     </span>
     <span class='ocr_line' id='line_1_15' title="bbox 276 1724 1374 1815; baseline -0.005 -22"><span class='ocrx_word' id='word_1_129' title='bbox 276 1732 374 1794; x_wconf 86' lang='grc' dir='ltr'><strong><em>θινσῦ</em></strong></span> <span class='ocrx_word' id='word_1_130' title='bbox 394 1726 534 1815; x_wconf 76' lang='grc' dir='ltr'><strong><em>φυλάξῃ,</em></strong></span> <span class='ocrx_word' id='word_1_131' title='bbox 556 1727 612 1796; x_wconf 83' lang='grc' dir='ltr'><strong><em>τόν</em></strong></span> <span class='ocrx_word' id='word_1_132' title='bbox 638 1728 855 1814; x_wconf 75' lang='grc' dir='ltr'><strong><em>αὐτοκράτορα</em></strong></span> <span class='ocrx_word' id='word_1_133' title='bbox 877 1730 1096 1795; x_wconf 88' lang='grc' dir='ltr'><strong><em>Ἰουστινιανόν</em></strong></span> <span class='ocrx_word' id='word_1_134' title='bbox 1117 1730 1173 1789; x_wconf 74' lang='grc' dir='ltr'><strong><em>κατ’</em></strong></span> <span class='ocrx_word' id='word_1_135' title='bbox 1190 1726 1244 1791; x_wconf 86' lang='grc' dir='ltr'><strong><em>τὸν</em></strong></span> <span class='ocrx_word' id='word_1_136' title='bbox 1263 1724 1374 1790; x_wconf 89' lang='grc' dir='ltr'><strong><em>πιστόν</em></strong></span> 
     </span>
     <span class='ocr_line' id='line_1_16' title="bbox 278 1824 1424 1914; baseline -0.001 -21"><span class='ocrx_word' id='word_1_137' title='bbox 278 1830 391 1894; x_wconf 80' lang='grc' dir='ltr'><strong><em>δοῦλον</em></strong></span> <span class='ocrx_word' id='word_1_138' title='bbox 419 1831 518 1892; x_wconf 84' lang='grc' dir='ltr'><strong><em>ου’τοῦ</em></strong></span> <span class='ocrx_word' id='word_1_139' title='bbox 544 1834 740 1912; x_wconf 77' lang='grc' dir='ltr'><strong><em>Βιιιτωρῖνον</em></strong></span> <span class='ocrx_word' id='word_1_140' title='bbox 772 1832 829 1894; x_wconf 84' lang='grc' dir='ltr'><strong><em>καί</em></strong></span> <span class='ocrx_word' id='word_1_141' title='bbox 854 1826 975 1903; x_wconf 87' lang='grc' dir='ltr'><strong><em>πάντας</em></strong></span> <span class='ocrx_word' id='word_1_142' title='bbox 1002 1827 1076 1901; x_wconf 82' lang='grc' dir='ltr'><strong><em>τοὺς</em></strong></span> <span class='ocrx_word' id='word_1_143' title='bbox 1106 1829 1140 1893; x_wconf 79' lang='grc' dir='ltr'>ἐν</span> <span class='ocrx_word' id='word_1_144' title='bbox 1173 1829 1213 1914; x_wconf 81' lang='grc' dir='ltr'><strong><em>τῇ</em></strong></span> <span class='ocrx_word' id='word_1_145' title='bbox 1244 1824 1371 1889; x_wconf 70' lang='grc' dir='ltr'><strong><em>Ἑλλάδι</em></strong></span> <span class='ocrx_word' id='word_1_146' title='bbox 1387 1832 1424 1892; x_wconf 88' lang='grc' dir='ltr'><strong><em>ι5</em></strong></span> 
     </span>
     <span class='ocr_line' id='line_1_17' title="bbox 279 1926 884 2008; baseline 0 -17"><span class='ocrx_word' id='word_1_147' title='bbox 279 1930 460 2008; x_wconf 78' lang='grc' dir='ltr'><strong><em>οἰκοῦντας,</em></strong></span> <span class='ocrx_word' id='word_1_148' title='bbox 481 1926 558 2002; x_wconf 83' lang='grc' dir='ltr'><strong><em>τοῦς</em></strong></span> <span class='ocrx_word' id='word_1_149' title='bbox 580 1930 616 1994; x_wconf 84' lang='grc' dir='ltr'>εἰι</span> <span class='ocrx_word' id='word_1_150' title='bbox 629 1932 711 1993; x_wconf 89' lang='grc' dir='ltr'><strong><em>θεοῦ</em></strong></span> <span class='ocrx_word' id='word_1_151' title='bbox 733 1928 884 2008; x_wconf 83' lang='grc' dir='ltr'><strong><em>ζῦντας.”</em></strong></span> 
     </span>
    </p>

    <p class='ocr_par' dir='ltr' id='par_1_3' title="bbox 276 2024 1423 2507">
     <span class='ocr_line' id='line_1_18' title="bbox 353 2024 1373 2122; baseline -0.004 -31"><span class='ocrx_word' id='word_1_152' title='bbox 353 2024 417 2114; x_wconf 77' lang='grc' dir='ltr'>’Τῷ</span> <span class='ocrx_word' id='word_1_153' title='bbox 440 2031 476 2093; x_wconf 80' lang='grc' dir='ltr'>δὲ</span> <span class='ocrx_word' id='word_1_154' title='bbox 497 2026 593 2122; x_wconf 56' lang='grc' dir='ltr'><strong><em>,ςθιά</em></strong></span> <span class='ocrx_word' id='word_1_155' title='bbox 615 2027 697 2111; x_wconf 80' lang='grc' dir='ltr'><strong><em>ἔτει,</em></strong></span> <span class='ocrx_word' id='word_1_156' title='bbox 720 2032 799 2112; x_wconf 73' lang='grc' dir='ltr'><strong><em>μηνὶ</em></strong></span> <span class='ocrx_word' id='word_1_157' title='bbox 814 2030 973 2115; x_wconf 78' lang='grc' dir='ltr'><strong><em>Μαριάμ,</em></strong></span> <span class='ocrx_word' id='word_1_158' title='bbox 998 2028 1226 2113; x_wconf 77' lang='grc' dir='ltr'><strong><em>ἕπονὲστρεψεν</em></strong></span> <span class='ocrx_word' id='word_1_159' title='bbox 1248 2028 1294 2101; x_wconf 75' lang='grc' dir='ltr'><strong><em>εἰς</em></strong></span> <span class='ocrx_word' id='word_1_160' title='bbox 1314 2026 1373 2109; x_wconf 77' lang='grc' dir='ltr'><strong><em>την</em></strong></span> 
     </span>
     <span class='ocr_line' id='line_1_19' title="bbox 278 2116 1374 2208; baseline -0.007 -15"><span class='ocrx_word' id='word_1_161' title='bbox 278 2126 614 2193; x_wconf 83' lang='grc' dir='ltr'><strong><em>Κωνστιιντινοόπολιν</em></strong></span> <span class='ocrx_word' id='word_1_162' title='bbox 634 2126 651 2189; x_wconf 81' lang='grc' dir='ltr'>ὅ</span> <span class='ocrx_word' id='word_1_163' title='bbox 672 2126 825 2208; x_wconf 80' lang='grc' dir='ltr'><strong><em>βασιλεῦς</em></strong></span> <span class='ocrx_word' id='word_1_164' title='bbox 850 2129 906 2191; x_wconf 79' lang='grc' dir='ltr'><strong><em>καί</em></strong></span> <span class='ocrx_word' id='word_1_165' title='bbox 932 2128 950 2208; x_wconf 77' lang='grc' dir='ltr'><strong><em>ἡ</em></strong></span> <span class='ocrx_word' id='word_1_166' title='bbox 974 2132 1041 2207; x_wconf 88' lang='grc' dir='ltr'><strong><em>μετ’</em></strong></span> <span class='ocrx_word' id='word_1_167' title='bbox 1063 2120 1165 2190; x_wconf 85' lang='grc' dir='ltr'><strong><em>αῦτοῦ</em></strong></span> <span class='ocrx_word' id='word_1_168' title='bbox 1186 2116 1265 2189; x_wconf 79' lang='lat' dir='ltr'>orion</span> <span class='ocrx_word' id='word_1_169' title='bbox 1285 2126 1374 2187; x_wconf 78' lang='grc' dir='ltr'><strong><em>πάσα</em></strong></span> 
     </span>
     <span class='ocr_line' id='line_1_20' title="bbox 277 2216 1372 2315; baseline -0.009 -23"><span class='ocrx_word' id='word_1_170' title='bbox 277 2226 296 2312; x_wconf 73' lang='grc' dir='ltr'><em>ἦ</em></span> <span class='ocrx_word' id='word_1_171' title='bbox 319 2229 510 2311; x_wconf 82' lang='grc' dir='ltr'><strong><em>σάγκλητος,</em></strong></span> <span class='ocrx_word' id='word_1_172' title='bbox 531 2229 566 2290; x_wconf 78' lang='grc' dir='ltr'>ἐν</span> <span class='ocrx_word' id='word_1_173' title='bbox 585 2217 613 2315; x_wconf 70' lang='grc' dir='ltr'><em>ᾧ</em></span> <span class='ocrx_word' id='word_1_174' title='bbox 632 2225 709 2307; x_wconf 71' lang='grc' dir='ltr'><strong><em>μηνὶ</em></strong></span> <span class='ocrx_word' id='word_1_175' title='bbox 730 2223 813 2306; x_wconf 85' lang='grc' dir='ltr'><strong><em>μετά</em></strong></span> <span class='ocrx_word' id='word_1_176' title='bbox 836 2223 894 2308; x_wconf 77' lang='grc' dir='ltr'><strong><em>τὴν</em></strong></span> <span class='ocrx_word' id='word_1_177' title='bbox 916 2216 1024 2310; x_wconf 80' lang='grc' dir='ltr'><strong><em>άφιξιν</em></strong></span> <span class='ocrx_word' id='word_1_178' title='bbox 1044 2226 1150 2289; x_wconf 78' lang='grc' dir='ltr'><strong><em>αῦτοῦ</em></strong></span> <span class='ocrx_word' id='word_1_179' title='bbox 1169 2221 1208 2306; x_wconf 74' lang='grc' dir='ltr'>δὴ</span> <span class='ocrx_word' id='word_1_180' title='bbox 1231 2226 1290 2287; x_wconf 87' lang='grc' dir='ltr'>τοῦ</span> <span class='ocrx_word' id='word_1_181' title='bbox 1309 2228 1372 2305; x_wconf 81' lang='grc' dir='ltr'><strong><em>βα.</em></strong></span> 
     </span>
     <span class='ocr_line' id='line_1_21' title="bbox 276 2322 1423 2410; baseline -0.005 -19"><span class='ocrx_word' id='word_1_182' title='bbox 276 2327 389 2402; x_wconf 82' lang='grc' dir='ltr'><strong><em>σιλόοις</em></strong></span> <span class='ocrx_word' id='word_1_183' title='bbox 416 2326 558 2391; x_wconf 83' lang='grc' dir='ltr'><strong><em>άπέθανε</em></strong></span> <span class='ocrx_word' id='word_1_184' title='bbox 585 2326 641 2389; x_wconf 78' lang='grc' dir='ltr'><strong><em>κατ’</em></strong></span> <span class='ocrx_word' id='word_1_185' title='bbox 668 2324 687 2389; x_wconf 83' lang='grc' dir='ltr'><strong><em>ά</em></strong></span> <span class='ocrx_word' id='word_1_186' title='bbox 719 2322 919 2409; x_wconf 77' lang='grc' dir='ltr'><strong><em>πατριάρχης</em></strong></span> <span class='ocrx_word' id='word_1_187' title='bbox 939 2325 999 2408; x_wconf 85' lang='grc' dir='ltr'>κῦρ</span> <span class='ocrx_word' id='word_1_188' title='bbox 1024 2324 1206 2403; x_wconf 85' lang='grc' dir='ltr'><strong><em>Εῦθῦμιος·</em></strong></span> <span class='ocrx_word' id='word_1_189' title='bbox 1258 2326 1314 2387; x_wconf 82' lang='grc' dir='ltr'><strong><em>καί</em></strong></span> <span class='ocrx_word' id='word_1_190' title='bbox 1332 2326 1423 2410; x_wconf 75' lang='grc' dir='ltr'><strong><em>τῇασ</em></strong></span> 
     </span>
     <span class='ocr_line' id='line_1_22' title="bbox 276 2420 1372 2507; baseline -0.001 -21"><span class='ocrx_word' id='word_1_191' title='bbox 276 2421 323 2487; x_wconf 86' lang='grc' dir='ltr'>ιιά</span> <span class='ocrx_word' id='word_1_192' title='bbox 345 2426 404 2489; x_wconf 87' lang='grc' dir='ltr'>τοῦ</span> <span class='ocrx_word' id='word_1_193' title='bbox 433 2428 548 2487; x_wconf 79' lang='grc' dir='ltr'><strong><em>Μαΐου</em></strong></span> <span class='ocrx_word' id='word_1_194' title='bbox 578 2422 676 2507; x_wconf 86' lang='grc' dir='ltr'><strong><em>μηνός</em></strong></span> <span class='ocrx_word' id='word_1_195' title='bbox 702 2427 760 2489; x_wconf 89' lang='grc' dir='ltr'>τοῦ</span> <span class='ocrx_word' id='word_1_196' title='bbox 782 2425 884 2487; x_wconf 83' lang='grc' dir='ltr'><strong><em>αῦτοῦ</em></strong></span> <span class='ocrx_word' id='word_1_197' title='bbox 913 2420 1001 2499; x_wconf 78' lang='grc' dir='ltr'><strong><em>ἔτους</em></strong></span> <span class='ocrx_word' id='word_1_198' title='bbox 1018 2421 1152 2506; x_wconf 82' lang='grc' dir='ltr'><strong><em>ι’γενάνει</em></strong></span> <span class='ocrx_word' id='word_1_199' title='bbox 1172 2423 1372 2507; x_wconf 85' lang='grc' dir='ltr'><strong><em>πατριάρχης</em></strong></span> 
     </span>
    </p>
   </div>
   <div class='ocr_carea' id='block_1_3' title="bbox 347 2588 1371 2877">
    <p class='ocr_par' dir='ltr' id='par_1_4' title="bbox 347 2588 1371 2877">
     <span class='ocr_line' id='line_1_23' title="bbox 347 2588 1371 2713; baseline -0.001 -71"><span class='ocrx_word' id='word_1_200' title='bbox 347 2608 373 2713; x_wconf 61' lang='grc' dir='ltr'>ἔ.</span> <span class='ocrx_word' id='word_1_201' title='bbox 388 2588 507 2677; x_wconf 68' lang='grc' dir='ltr'><strong><em>μάλλον]</em></strong></span> <span class='ocrx_word' id='word_1_202' title='bbox 527 2588 614 2712; x_wconf 50' lang='grc' dir='ltr'><strong><em>τῦὶλιν</em></strong></span> <span class='ocrx_word' id='word_1_203' title='bbox 631 2590 661 2641; x_wconf 86' lang='grc' dir='ltr'><strong>Μ</strong></span> <span class='ocrx_word' id='word_1_204' title='bbox 750 2608 776 2679; x_wconf 79' lang='grc' dir='ltr'><strong><em>υ,</em></strong></span> <span class='ocrx_word' id='word_1_205' title='bbox 795 2590 912 2663; x_wconf 81' lang='grc' dir='ltr'><strong><em>ὀργυίας</em></strong></span> <span class='ocrx_word' id='word_1_206' title='bbox 934 2593 1093 2681; x_wconf 68' lang='grc' dir='ltr'><strong><em>τρισχιλλητ</em></strong></span> <span class='ocrx_word' id='word_1_207' title='bbox 1106 2594 1156 2711; x_wconf 59' lang='lat' dir='ltr'>*mii</span> <span class='ocrx_word' id='word_1_208' title='bbox 1176 2589 1371 2675; x_wconf 36' lang='grc' dir='ltr'><strong><em>ὀκτακοσλυςυΡ</em></strong></span> 
     </span>
     <span class='ocr_line' id='line_1_24' title="bbox 347 2660 1371 2856; baseline -0.002 -71"><span class='ocrx_word' id='word_1_209' title='bbox 347 2666 624 2802; x_wconf 50' lang='grc' dir='ltr'><strong><em>τσόόασαςμυνυν</em></strong></span> <span class='ocrx_word' id='word_1_210' title='bbox 636 2676 864 2856; x_wconf 47' lang='grc' dir='ltr'><strong><em>αλιῖἴοόολῖιό</em></strong></span> <span class='ocrx_word' id='word_1_211' title='bbox 881 2666 934 2783; x_wconf 65' lang='grc' dir='ltr'>όόἱ</span> <span class='ocrx_word' id='word_1_212' title='bbox 953 2701 958 2713; x_wconf 80' lang='lat'>&#39;</span> <span class='ocrx_word' id='word_1_213' title='bbox 978 2700 1011 2814; x_wconf 71' lang='grc' dir='ltr'>’ρῖ</span> <span class='ocrx_word' id='word_1_214' title='bbox 1030 2680 1187 2802; x_wconf 43' lang='lat' dir='ltr'>iiiior</span> <span class='ocrx_word' id='word_1_215' title='bbox 1208 2660 1371 2783; x_wconf 56' lang='lat' dir='ltr'>rociffl</span> 
     </span>
     <span class='ocr_line' id='line_1_25' title="bbox 347 2800 1371 2877; baseline 0.002 -24"><span class='ocrx_word' id='word_1_216' title='bbox 347 2819 427 2854; x_wconf 87' lang='lat' dir='ltr'>cunm</span> <span class='ocrx_word' id='word_1_217' title='bbox 446 2801 464 2853; x_wconf 82' lang='lat' dir='ltr'><strong>P</strong></span> <span class='ocrx_word' id='word_1_218' title='bbox 572 2819 611 2854; x_wconf 81' lang='lat' dir='ltr'>ra.</span> <span class='ocrx_word' id='word_1_219' title='bbox 628 2800 719 2874; x_wconf 85' lang='grc' dir='ltr'><strong><em>εῦρων</em></strong></span> <span class='ocrx_word' id='word_1_220' title='bbox 880 2808 917 2873; x_wconf 69' lang='lat'>¹4·</span> <span class='ocrx_word' id='word_1_221' title='bbox 936 2820 1007 2857; x_wconf 79' lang='grc' dir='ltr'><strong><em>κατα</em></strong></span> <span class='ocrx_word' id='word_1_222' title='bbox 1022 2804 1041 2853; x_wconf 81' lang='lat' dir='ltr'>P</span> <span class='ocrx_word' id='word_1_223' title='bbox 1139 2804 1178 2854; x_wconf 85' lang='grc' dir='ltr'><strong><em>ι5.</em></strong></span> <span class='ocrx_word' id='word_1_224' title='bbox 1194 2805 1335 2877; x_wconf 60' lang='lat' dir='ltr'>panieron</span> <span class='ocrx_word' id='word_1_225' title='bbox 1351 2806 1371 2855; x_wconf 84' lang='grc' dir='ltr'><strong>Ρ</strong></span> 
     </span>
    </p>
   </div>
   <div class='ocr_carea' id='block_1_4' title="bbox 348 2864 559 2945">
    <p class='ocr_par' dir='ltr' id='par_1_5' title="bbox 348 2864 559 2945">
     <span class='ocr_line' id='line_1_26' title="bbox 348 2864 559 2945; baseline 0.009 -20"><span class='ocrx_word' id='word_1_226' title='bbox 348 2888 392 2925; x_wconf 85' lang='lat' dir='ltr'>ao.</span> <span class='ocrx_word' id='word_1_227' title='bbox 409 2864 462 2945; x_wconf 83' lang='grc' dir='ltr'><strong><em>ιιῦρ</em></strong></span> <span class='ocrx_word' id='word_1_228' title='bbox 479 2890 523 2925; x_wconf 87' lang='lat' dir='ltr'>om</span> <span class='ocrx_word' id='word_1_229' title='bbox 538 2875 559 2927; x_wconf 75' lang='lat' dir='ltr'><strong>P</strong></span> 
     </span>
    </p>
   </div>
   <div class='ocr_carea' id='block_1_5' title="bbox 208 3016 1371 4218">
    <p class='ocr_par' dir='ltr' id='par_1_6' title="bbox 208 3016 1371 3863">
     <span class='ocr_line' id='line_1_27' title="bbox 277 3016 1370 3090; baseline -0.001 -19"><span class='ocrx_word' id='word_1_230' title='bbox 277 3036 350 3071; x_wconf 88' lang='lat' dir='ltr'>mum</span> <span class='ocrx_word' id='word_1_231' title='bbox 369 3020 459 3090; x_wconf 84' lang='lat' dir='ltr'>iprum</span> <span class='ocrx_word' id='word_1_232' title='bbox 475 3020 585 3087; x_wconf 87' lang='lat' dir='ltr'>coepit,</span> <span class='ocrx_word' id='word_1_233' title='bbox 603 3019 680 3070; x_wconf 85' lang='lat' dir='ltr'>cuiue</span> <span class='ocrx_word' id='word_1_234' title='bbox 696 3017 856 3087; x_wconf 71' lang='lat' dir='ltr'>longitudo,</span> <span class='ocrx_word' id='word_1_235' title='bbox 875 3018 945 3083; x_wconf 83' lang='lat' dir='ltr'>rive,</span> <span class='ocrx_word' id='word_1_236' title='bbox 965 3024 996 3069; x_wconf 87' lang='lat' dir='ltr'>ut</span> <span class='ocrx_word' id='word_1_237' title='bbox 1012 3018 1109 3069; x_wconf 81' lang='lat' dir='ltr'>melius</span> <span class='ocrx_word' id='word_1_238' title='bbox 1129 3016 1233 3081; x_wconf 85' lang='lat' dir='ltr'>dicam,</span> <span class='ocrx_word' id='word_1_239' title='bbox 1250 3016 1370 3070; x_wconf 82' lang='lat' dir='ltr'>latitudo</span> 
     </span>
     <span class='ocr_line' id='line_1_28' title="bbox 277 3088 1370 3157; baseline -0.002 -16"><span class='ocrx_word' id='word_1_240' title='bbox 277 3090 311 3141; x_wconf 86' lang='lat' dir='ltr'>nb</span> <span class='ocrx_word' id='word_1_241' title='bbox 330 3108 385 3143; x_wconf 88' lang='lat' dir='ltr'>uno</span> <span class='ocrx_word' id='word_1_242' title='bbox 402 3092 469 3141; x_wconf 84' lang='lat' dir='ltr'>mari</span> <span class='ocrx_word' id='word_1_243' title='bbox 485 3090 520 3141; x_wconf 85' lang='lat' dir='ltr'>nd</span> <span class='ocrx_word' id='word_1_244' title='bbox 538 3090 652 3141; x_wconf 88' lang='lat' dir='ltr'>aiterum</span> <span class='ocrx_word' id='word_1_245' title='bbox 671 3091 777 3157; x_wconf 75' lang='lat' dir='ltr'>orgyias</span> <span class='ocrx_word' id='word_1_246' title='bbox 794 3098 837 3141; x_wconf 91' lang='lat' dir='ltr'>ter</span> <span class='ocrx_word' id='word_1_247' title='bbox 853 3089 930 3141; x_wconf 84' lang='lat' dir='ltr'>mille</span> <span class='ocrx_word' id='word_1_248' title='bbox 948 3098 976 3140; x_wconf 89' lang='lat' dir='ltr'>et</span> <span class='ocrx_word' id='word_1_249' title='bbox 993 3089 1161 3157; x_wconf 79' lang='lat' dir='ltr'>octingentae</span> <span class='ocrx_word' id='word_1_250' title='bbox 1178 3096 1264 3157; x_wconf 69' lang='lat' dir='ltr'>petet,</span> <span class='ocrx_word' id='word_1_251' title='bbox 1280 3088 1370 3157; x_wconf 74' lang='lat' dir='ltr'>longi-</span> 
     </span>
     <span class='ocr_line' id='line_1_29' title="bbox 276 3158 1369 3230; baseline -0.002 -17"><span class='ocrx_word' id='word_1_252' title='bbox 276 3160 344 3213; x_wconf 80' lang='lat' dir='ltr'>tudo</span> <span class='ocrx_word' id='word_1_253' title='bbox 372 3179 388 3212; x_wconf 81' lang='lat' dir='ltr'>e</span> <span class='ocrx_word' id='word_1_254' title='bbox 413 3170 484 3213; x_wconf 79' lang='lat' dir='ltr'>terre</span> <span class='ocrx_word' id='word_1_255' title='bbox 505 3162 608 3212; x_wconf 87' lang='lat' dir='ltr'>Graeca</span> <span class='ocrx_word' id='word_1_256' title='bbox 629 3160 674 3212; x_wconf 81' lang='lat' dir='ltr'>rel</span> <span class='ocrx_word' id='word_1_257' title='bbox 690 3160 794 3224; x_wconf 78' lang='lat' dir='ltr'>Attice,</span> <span class='ocrx_word' id='word_1_258' title='bbox 820 3170 962 3230; x_wconf 79' lang='lat' dir='ltr'>postquam</span> <span class='ocrx_word' id='word_1_259' title='bbox 989 3158 1160 3210; x_wconf 76' lang='lat' dir='ltr'>descenderis</span> <span class='ocrx_word' id='word_1_260' title='bbox 1187 3160 1230 3211; x_wconf 80' lang='lat' dir='ltr'>vie</span> <span class='ocrx_word' id='word_1_261' title='bbox 1257 3175 1369 3229; x_wconf 82' lang='lat' dir='ltr'>erpere,</span> 
     </span>
     <span class='ocr_line' id='line_1_30' title="bbox 276 3228 1369 3302; baseline -0.002 -19"><span class='ocrx_word' id='word_1_262' title='bbox 276 3248 348 3302; x_wconf 79' lang='lat' dir='ltr'>qnae</span> <span class='ocrx_word' id='word_1_263' title='bbox 365 3231 608 3301; x_wconf 78' lang='grc' dir='ltr'><strong><em>ΠλάγιονΚακόν</em></strong></span> <span class='ocrx_word' id='word_1_264' title='bbox 625 3230 732 3291; x_wconf 86' lang='lat' dir='ltr'>dicitur,</span> <span class='ocrx_word' id='word_1_265' title='bbox 751 3229 840 3283; x_wconf 85' lang='lat' dir='ltr'>donee</span> <span class='ocrx_word' id='word_1_266' title='bbox 857 3231 885 3281; x_wconf 89' lang='lat' dir='ltr'>in</span> <span class='ocrx_word' id='word_1_267' title='bbox 902 3228 1044 3299; x_wconf 73' lang='lat' dir='ltr'>planitiem</span> <span class='ocrx_word' id='word_1_268' title='bbox 1062 3230 1163 3291; x_wconf 78' lang='lat' dir='ltr'>venies,</span> <span class='ocrx_word' id='word_1_269' title='bbox 1182 3246 1237 3299; x_wconf 89' lang='lat' dir='ltr'>quo</span> <span class='ocrx_word' id='word_1_270' title='bbox 1259 3232 1288 3281; x_wconf 89' lang='lat' dir='ltr'>in</span> <span class='ocrx_word' id='word_1_271' title='bbox 1307 3230 1369 3283; x_wconf 85' lang='lat' dir='ltr'>loco</span> 
     </span>
     <span class='ocr_line' id='line_1_31' title="bbox 276 3300 1370 3369; baseline -0.002 -15"><span class='ocrx_word' id='word_1_272' title='bbox 276 3304 346 3354; x_wconf 86' lang='lat' dir='ltr'>muri</span> <span class='ocrx_word' id='word_1_273' title='bbox 366 3303 408 3353; x_wconf 89' lang='lat' dir='ltr'>ilii</span> <span class='ocrx_word' id='word_1_274' title='bbox 426 3303 555 3353; x_wconf 75' lang='lat' dir='ltr'>exstructi</span> <span class='ocrx_word' id='word_1_275' title='bbox 580 3312 673 3364; x_wconf 84' lang='lat' dir='ltr'>erant,</span> <span class='ocrx_word' id='word_1_276' title='bbox 696 3300 783 3351; x_wconf 84' lang='lat' dir='ltr'>rtadin</span> <span class='ocrx_word' id='word_1_277' title='bbox 807 3302 938 3369; x_wconf 78' lang='lat' dir='ltr'>triginte3</span> <span class='ocrx_word' id='word_1_278' title='bbox 970 3318 985 3351; x_wconf 91' lang='lat' dir='ltr'>a</span> <span class='ocrx_word' id='word_1_279' title='bbox 1011 3301 1093 3351; x_wconf 82' lang='lat' dir='ltr'>muris</span> <span class='ocrx_word' id='word_1_280' title='bbox 1112 3300 1211 3352; x_wconf 87' lang='lat' dir='ltr'>deinde</span> <span class='ocrx_word' id='word_1_281' title='bbox 1230 3318 1317 3369; x_wconf 77' lang='lat' dir='ltr'>usque</span> <span class='ocrx_word' id='word_1_282' title='bbox 1334 3300 1370 3352; x_wconf 80' lang='lat' dir='ltr'>ad</span> 
     </span>
     <span class='ocr_line' id='line_1_32' title="bbox 276 3369 1371 3441; baseline -0.002 -16"><span class='ocrx_word' id='word_1_283' title='bbox 276 3372 401 3425; x_wconf 77' lang='lat' dir='ltr'>Corinthi</span> <span class='ocrx_word' id='word_1_284' title='bbox 419 3373 504 3425; x_wconf 84' lang='lat' dir='ltr'>colier</span> <span class='ocrx_word' id='word_1_285' title='bbox 518 3388 663 3441; x_wconf 73' lang='lat' dir='ltr'>arcemque</span> <span class='ocrx_word' id='word_1_286' title='bbox 683 3388 762 3439; x_wconf 81' lang='lat' dir='ltr'>repra</span> <span class='ocrx_word' id='word_1_287' title='bbox 775 3372 860 3423; x_wconf 83' lang='lat' dir='ltr'>nuber</span> <span class='ocrx_word' id='word_1_288' title='bbox 874 3373 1038 3423; x_wconf 79' lang='lat' dir='ltr'>eminentem</span> <span class='ocrx_word' id='word_1_289' title='bbox 1059 3380 1087 3422; x_wconf 87' lang='lat' dir='ltr'>et</span> <span class='ocrx_word' id='word_1_290' title='bbox 1103 3371 1185 3423; x_wconf 87' lang='lat' dir='ltr'>finem</span> <span class='ocrx_word' id='word_1_291' title='bbox 1198 3369 1294 3422; x_wconf 86' lang='lat' dir='ltr'>Irthrni</span> <span class='ocrx_word' id='word_1_292' title='bbox 1313 3380 1371 3423; x_wconf 84' lang='lat' dir='ltr'>ata-</span> 
     </span>
     <span class='ocr_line' id='line_1_33' title="bbox 276 3442 1370 3511; baseline -0.002 -17"><span class='ocrx_word' id='word_1_293' title='bbox 276 3444 321 3495; x_wconf 84' lang='lat' dir='ltr'>dir</span> <span class='ocrx_word' id='word_1_294' title='bbox 339 3444 424 3496; x_wconf 84' lang='lat' dir='ltr'>multa</span> <span class='ocrx_word' id='word_1_295' title='bbox 443 3450 515 3494; x_wconf 85' lang='lat' dir='ltr'>runt.</span> <span class='ocrx_word' id='word_1_296' title='bbox 533 3442 735 3511; x_wconf 86' lang='lat' dir='ltr'>Peloponnerua</span> <span class='ocrx_word' id='word_1_297' title='bbox 754 3442 821 3493; x_wconf 81' lang='lat' dir='ltr'>folio</span> <span class='ocrx_word' id='word_1_298' title='bbox 847 3443 951 3510; x_wconf 77' lang='lat' dir='ltr'>platani</span> <span class='ocrx_word' id='word_1_299' title='bbox 971 3442 1109 3493; x_wconf 81' lang='lat' dir='ltr'>simillima</span> <span class='ocrx_word' id='word_1_300' title='bbox 1130 3450 1185 3505; x_wconf 82' lang='lat' dir='ltr'>eet,</span> <span class='ocrx_word' id='word_1_301' title='bbox 1204 3442 1281 3493; x_wconf 83' lang='lat' dir='ltr'>cuiue</span> <span class='ocrx_word' id='word_1_302' title='bbox 1302 3458 1370 3493; x_wconf 78' lang='lat' dir='ltr'>cau-</span> 
     </span>
     <span class='ocr_line' id='line_1_34' title="bbox 208 3514 1370 3581; baseline -0.003 -16"><span class='ocrx_word' id='word_1_303' title='bbox 208 3526 211 3530; x_wconf 77' lang='lat'><em>·</em></span> <span class='ocrx_word' id='word_1_304' title='bbox 275 3514 329 3565; x_wconf 86' lang='lat' dir='ltr'>lem</span> <span class='ocrx_word' id='word_1_305' title='bbox 350 3514 466 3566; x_wconf 85' lang='lat' dir='ltr'>irthmur</span> <span class='ocrx_word' id='word_1_306' title='bbox 487 3514 576 3564; x_wconf 80' lang='lat' dir='ltr'>refert.</span> <span class='ocrx_word' id='word_1_307' title='bbox 596 3515 624 3565; x_wconf 88' lang='lat' dir='ltr'>in</span> <span class='ocrx_word' id='word_1_308' title='bbox 643 3528 676 3563; x_wconf 91' lang='lat' dir='ltr'>eo</span> <span class='ocrx_word' id='word_1_309' title='bbox 687 3514 820 3563; x_wconf 77' lang='lat' dir='ltr'>exstruxit</span> <span class='ocrx_word' id='word_1_310' title='bbox 836 3514 981 3581; x_wconf 81' lang='lat' dir='ltr'>imperator</span> <span class='ocrx_word' id='word_1_311' title='bbox 998 3520 1085 3563; x_wconf 87' lang='lat' dir='ltr'>turrer</span> <span class='ocrx_word' id='word_1_312' title='bbox 1104 3520 1213 3563; x_wconf 85' lang='lat' dir='ltr'>centum</span> <span class='ocrx_word' id='word_1_313' title='bbox 1231 3514 1370 3581; x_wconf 79' lang='lat' dir='ltr'>quinque-</span> 
     </span>
     <span class='ocr_line' id='line_1_35' title="bbox 275 3582 1370 3653; baseline -0.003 -17"><span class='ocrx_word' id='word_1_314' title='bbox 275 3586 350 3653; x_wconf 78' lang='lat' dir='ltr'>ginta</span> <span class='ocrx_word' id='word_1_315' title='bbox 370 3593 431 3636; x_wconf 84' lang='lat' dir='ltr'>trer.</span> <span class='ocrx_word' id='word_1_316' title='bbox 466 3584 629 3636; x_wconf 84' lang='lat' dir='ltr'>invenerunt</span> <span class='ocrx_word' id='word_1_317' title='bbox 644 3592 702 3637; x_wconf 83' lang='lat' dir='ltr'>tum</span> <span class='ocrx_word' id='word_1_318' title='bbox 722 3584 751 3634; x_wconf 90' lang='lat' dir='ltr'>in</span> <span class='ocrx_word' id='word_1_319' title='bbox 768 3600 899 3635; x_wconf 80' lang='lat' dir='ltr'>rrrarmore</span> <span class='ocrx_word' id='word_1_320' title='bbox 917 3584 964 3635; x_wconf 83' lang='lat' dir='ltr'>bar</span> <span class='ocrx_word' id='word_1_321' title='bbox 981 3582 1086 3635; x_wconf 87' lang='lat' dir='ltr'>litterar</span> <span class='ocrx_word' id='word_1_322' title='bbox 1106 3582 1269 3651; x_wconf 70' lang='lat' dir='ltr'>insculptae:</span> <span class='ocrx_word' id='word_1_323' title='bbox 1295 3582 1311 3601; x_wconf 80' lang='lat'>‘⁴</span> <span class='ocrx_word' id='word_1_324' title='bbox 1323 3584 1370 3633; x_wconf 86' lang='lat' dir='ltr'>lu-</span> 
     </span>
     <span class='ocr_line' id='line_1_36' title="bbox 275 3652 1371 3722; baseline 0 -17"><span class='ocrx_word' id='word_1_325' title='bbox 275 3672 337 3705; x_wconf 87' lang='lat' dir='ltr'>men</span> <span class='ocrx_word' id='word_1_326' title='bbox 354 3671 388 3705; x_wconf 79' lang='lat' dir='ltr'>en</span> <span class='ocrx_word' id='word_1_327' title='bbox 403 3655 520 3716; x_wconf 86' lang='lat' dir='ltr'>lumine,</span> <span class='ocrx_word' id='word_1_328' title='bbox 538 3654 604 3704; x_wconf 83' lang='lat' dir='ltr'>deur</span> <span class='ocrx_word' id='word_1_329' title='bbox 622 3671 700 3706; x_wconf 79' lang='lat' dir='ltr'>verua</span> <span class='ocrx_word' id='word_1_330' title='bbox 718 3670 752 3705; x_wconf 84' lang='lat' dir='ltr'>ex</span> <span class='ocrx_word' id='word_1_331' title='bbox 771 3653 822 3705; x_wconf 86' lang='lat' dir='ltr'>deo</span> <span class='ocrx_word' id='word_1_332' title='bbox 842 3670 906 3705; x_wconf 80' lang='lat' dir='ltr'>vero</span> <span class='ocrx_word' id='word_1_333' title='bbox 925 3652 1062 3706; x_wconf 77' lang='lat' dir='ltr'>custodiat</span> <span class='ocrx_word' id='word_1_334' title='bbox 1078 3654 1269 3722; x_wconf 73' lang='lat' dir='ltr'>imperatorem</span> <span class='ocrx_word' id='word_1_335' title='bbox 1288 3654 1371 3707; x_wconf 80' lang='lat' dir='ltr'>lueti-</span> 
     </span>
     <span class='ocr_line' id='line_1_37' title="bbox 274 3724 1371 3778; baseline 0.002 -3"><span class='ocrx_word' id='word_1_336' title='bbox 274 3726 387 3775; x_wconf 84' lang='lat' dir='ltr'>niannrn</span> <span class='ocrx_word' id='word_1_337' title='bbox 414 3734 440 3778; x_wconf 85' lang='lat' dir='ltr'>et</span> <span class='ocrx_word' id='word_1_338' title='bbox 461 3724 570 3776; x_wconf 80' lang='lat' dir='ltr'>fidelem</span> <span class='ocrx_word' id='word_1_339' title='bbox 588 3725 648 3776; x_wconf 81' lang='lat' dir='ltr'>eiua</span> <span class='ocrx_word' id='word_1_340' title='bbox 669 3726 820 3777; x_wconf 86' lang='lat' dir='ltr'>ministrum</span> <span class='ocrx_word' id='word_1_341' title='bbox 838 3724 1006 3775; x_wconf 76' lang='lat' dir='ltr'>Victorinum</span> <span class='ocrx_word' id='word_1_342' title='bbox 1027 3732 1056 3775; x_wconf 91' lang='lat' dir='ltr'>et</span> <span class='ocrx_word' id='word_1_343' title='bbox 1072 3740 1165 3777; x_wconf 71' lang='lat' dir='ltr'>ornnes</span> <span class='ocrx_word' id='word_1_344' title='bbox 1177 3724 1307 3777; x_wconf 76' lang='lat' dir='ltr'>Graeciae</span> <span class='ocrx_word' id='word_1_345' title='bbox 1325 3726 1371 3777; x_wconf 64' lang='lat' dir='ltr'>im</span> 
     </span>
     <span class='ocr_line' id='line_1_38' title="bbox 276 3790 1044 3863; baseline -0.003 -18"><span class='ocrx_word' id='word_1_346' title='bbox 276 3795 358 3856; x_wconf 82' lang='lat' dir='ltr'>colar,</span> <span class='ocrx_word' id='word_1_347' title='bbox 379 3796 427 3863; x_wconf 88' lang='lat' dir='ltr'>qui</span> <span class='ocrx_word' id='word_1_348' title='bbox 444 3796 527 3847; x_wconf 82' lang='lat' dir='ltr'>vitam</span> <span class='ocrx_word' id='word_1_349' title='bbox 545 3795 715 3847; x_wconf 80' lang='lat' dir='ltr'>conformant</span> <span class='ocrx_word' id='word_1_350' title='bbox 733 3795 768 3845; x_wconf 89' lang='lat' dir='ltr'>ad</span> <span class='ocrx_word' id='word_1_351' title='bbox 787 3794 955 3847; x_wconf 81' lang='lat' dir='ltr'>voluntatem</span> <span class='ocrx_word' id='word_1_352' title='bbox 974 3790 1044 3845; x_wconf 59' lang='lat' dir='ltr'>dei?</span> 
     </span>
    </p>

    <p class='ocr_par' dir='ltr' id='par_1_7' title="bbox 275 3864 1371 4218">
     <span class='ocr_line' id='line_1_39' title="bbox 347 3864 1369 3935; baseline 0 -20"><span class='ocrx_word' id='word_1_353' title='bbox 347 3867 424 3916; x_wconf 80' lang='lat' dir='ltr'>Anno</span> <span class='ocrx_word' id='word_1_354' title='bbox 440 3867 520 3932; x_wconf 70' lang='lat'><strong>6914,</strong></span> <span class='ocrx_word' id='word_1_355' title='bbox 541 3882 634 3917; x_wconf 76' lang='lat' dir='ltr'>menne</span> <span class='ocrx_word' id='word_1_356' title='bbox 648 3866 753 3927; x_wconf 85' lang='lat' dir='ltr'>Martio,</span> <span class='ocrx_word' id='word_1_357' title='bbox 769 3866 915 3935; x_wconf 82' lang='lat' dir='ltr'>imperator</span> <span class='ocrx_word' id='word_1_358' title='bbox 934 3873 973 3925; x_wconf 85' lang='lat' dir='ltr'>et,</span> <span class='ocrx_word' id='word_1_359' title='bbox 994 3865 1040 3933; x_wconf 88' lang='lat' dir='ltr'>qui</span> <span class='ocrx_word' id='word_1_360' title='bbox 1060 3880 1121 3915; x_wconf 85' lang='lat' dir='ltr'>eum</span> <span class='ocrx_word' id='word_1_361' title='bbox 1141 3864 1285 3915; x_wconf 78' lang='lat' dir='ltr'>comitetur</span> <span class='ocrx_word' id='word_1_362' title='bbox 1303 3874 1369 3925; x_wconf 79' lang='lat' dir='ltr'>erat,</span> 
     </span>
     <span class='ocr_line' id='line_1_40' title="bbox 275 3933 1369 4006; baseline 0.001 -22"><span class='ocrx_word' id='word_1_363' title='bbox 275 3952 415 4005; x_wconf 86' lang='lat' dir='ltr'>procerum</span> <span class='ocrx_word' id='word_1_364' title='bbox 426 3936 493 3987; x_wconf 89' lang='lat' dir='ltr'>ordo</span> <span class='ocrx_word' id='word_1_365' title='bbox 504 3937 654 4000; x_wconf 80' lang='lat' dir='ltr'>universus,</span> <span class='ocrx_word' id='word_1_366' title='bbox 662 3937 768 4006; x_wconf 85' lang='lat' dir='ltr'>Cpoiim</span> <span class='ocrx_word' id='word_1_367' title='bbox 780 3937 930 3987; x_wconf 86' lang='lat' dir='ltr'>redierunt:</span> <span class='ocrx_word' id='word_1_368' title='bbox 942 3952 996 4003; x_wconf 90' lang='lat' dir='ltr'>quo</span> <span class='ocrx_word' id='word_1_369' title='bbox 1006 3933 1102 3986; x_wconf 88' lang='lat' dir='ltr'>eodem</span> <span class='ocrx_word' id='word_1_370' title='bbox 1113 3951 1213 3998; x_wconf 76' lang='lat' dir='ltr'>meuse,</span> <span class='ocrx_word' id='word_1_371' title='bbox 1224 3935 1369 4003; x_wconf 81' lang='lat' dir='ltr'>poetiiiiur</span> 
     </span>
     <span class='ocr_line' id='line_1_41' title="bbox 276 4004 1368 4075; baseline -0.002 -18"><span class='ocrx_word' id='word_1_372' title='bbox 276 4004 437 4067; x_wconf 84' lang='lat' dir='ltr'>adrentum,</span> <span class='ocrx_word' id='word_1_373' title='bbox 455 4008 571 4058; x_wconf 76' lang='lat' dir='ltr'>excernit</span> <span class='ocrx_word' id='word_1_374' title='bbox 587 4024 602 4057; x_wconf 89' lang='lat' dir='ltr'>e</span> <span class='ocrx_word' id='word_1_375' title='bbox 619 4008 688 4058; x_wconf 75' lang='lat' dir='ltr'>vivis</span> <span class='ocrx_word' id='word_1_376' title='bbox 703 4007 863 4073; x_wconf 77' lang='lat' dir='ltr'>Euthymios</span> <span class='ocrx_word' id='word_1_377' title='bbox 881 4004 1051 4075; x_wconf 81' lang='lat' dir='ltr'>patriarche,</span> <span class='ocrx_word' id='word_1_378' title='bbox 1074 4006 1104 4057; x_wconf 89' lang='lat' dir='ltr'>in</span> <span class='ocrx_word' id='word_1_379' title='bbox 1122 4006 1196 4056; x_wconf 79' lang='lat' dir='ltr'>cuiue</span> <span class='ocrx_word' id='word_1_380' title='bbox 1216 4006 1304 4055; x_wconf 82' lang='lat' dir='ltr'>iocum</span> <span class='ocrx_word' id='word_1_381' title='bbox 1323 4004 1368 4055; x_wconf 76' lang='lat' dir='ltr'>clio</span> 
     </span>
     <span class='ocr_line' id='line_1_42' title="bbox 276 4074 1368 4145; baseline 0.002 -18"><span class='ocrx_word' id='word_1_382' title='bbox 276 4077 343 4127; x_wconf 85' lang='lat' dir='ltr'>Maii</span> <span class='ocrx_word' id='word_1_383' title='bbox 361 4091 391 4126; x_wconf 79' lang='lat' dir='ltr'>ar</span> <span class='ocrx_word' id='word_1_384' title='bbox 414 4076 535 4129; x_wconf 74' lang='lat' dir='ltr'>eiurriern</span> <span class='ocrx_word' id='word_1_385' title='bbox 557 4079 621 4129; x_wconf 88' lang='lat' dir='ltr'>anni</span> <span class='ocrx_word' id='word_1_386' title='bbox 648 4087 802 4143; x_wconf 72' lang='lat' dir='ltr'>eurrogatua</span> <span class='ocrx_word' id='word_1_387' title='bbox 828 4085 870 4129; x_wconf 83' lang='lat' dir='ltr'>ert</span> <span class='ocrx_word' id='word_1_388' title='bbox 894 4074 1042 4145; x_wconf 76' lang='lat' dir='ltr'>Iosephus,</span> <span class='ocrx_word' id='word_1_389' title='bbox 1070 4074 1242 4145; x_wconf 86' lang='lat' dir='ltr'>metropolita</span> <span class='ocrx_word' id='word_1_390' title='bbox 1260 4075 1368 4145; x_wconf 78' lang='lat' dir='ltr'>Ephesi.</span> 
     </span>
     <span class='ocr_line' id='line_1_43' title="bbox 277 4146 1371 4218; baseline -0.005 -19"><span class='ocrx_word' id='word_1_391' title='bbox 277 4164 348 4200; x_wconf 78' lang='lat' dir='ltr'>anno</span> <span class='ocrx_word' id='word_1_392' title='bbox 368 4147 456 4214; x_wconf 74' lang='lat'><strong>6915,</strong></span> <span class='ocrx_word' id='word_1_393' title='bbox 474 4149 623 4201; x_wconf 78' lang='lat' dir='ltr'>autumnali</span> <span class='ocrx_word' id='word_1_394' title='bbox 640 4156 817 4218; x_wconf 80' lang='lat' dir='ltr'>tempestate,</span> <span class='ocrx_word' id='word_1_395' title='bbox 838 4150 985 4217; x_wconf 85' lang='lat' dir='ltr'>imperator</span> <span class='ocrx_word' id='word_1_396' title='bbox 1004 4146 1148 4210; x_wconf 75' lang='lat' dir='ltr'>iohannes,</span> <span class='ocrx_word' id='word_1_397' title='bbox 1166 4162 1259 4216; x_wconf 85' lang='lat' dir='ltr'>quum,</span> <span class='ocrx_word' id='word_1_398' title='bbox 1278 4147 1308 4198; x_wconf 86' lang='lat' dir='ltr'>in</span> <span class='ocrx_word' id='word_1_399' title='bbox 1321 4146 1371 4199; x_wconf 73' lang='lat'>1³0.</span> 
     </span>
    </p>
   </div>
   <div class='ocr_carea' id='block_1_6' title="bbox 0 0 1526 4817">
    <p class='ocr_par' dir='ltr' id='par_1_8' title="bbox 0 0 1526 4817">
     <span class='ocr_line' id='line_1_44' title="bbox 0 0 1526 4817; baseline 0 1"><span class='ocrx_word' id='word_1_400' title='bbox 0 0 1526 4817; x_wconf 95' lang='lat' dir='ltr'> </span> 
     </span>
    </p>
   </div>
  </div>
 </body>
</html>
