3042 4817
508 262 583 335 ιτα.
603 266 660 324 ιιι.
689 261 781 326 cur.
801 266 855 327 vr.
1175 241 1260 355 ²73

160 409 238 494 ἡμῖν
255 405 455 493 ἐδωρήσατο,
486 408 729 491 κινδυνεύομεν·
783 406 800 475 ὅ
827 413 894 477 ε’στι
919 412 1092 499 κεφάλαιον
1124 416 1260 483 πάντων.

160 507 218 571 καί
236 507 293 573 ἐὰν
311 508 367 572 τὸν
385 507 502 589 κόσμον
524 505 598 574 ὅλον
617 510 757 598 κερδήσῃ
783 504 910 587 τιςαιαί
927 512 986 597 τῆν
1007 511 1118 597 upupis
1138 518 1260 599 ζημιω-

160 614 215 695 θῇ,
233 610 271 673 τί
279 609 316 673 τὸ
330 600 466 694 ὄφελος,
485 611 633 695 δεύτερον
645 613 786 695 πατρίδα
804 615 984 696 περίφημον
995 612 1144 688 τοιούτως
1165 615 1258 681 ύστε-

160 712 307 792 ρσύμεθα
321 706 380 774 καί
387 708 446 793 τὴν
465 712 654 792 ἐλευθερίαν
674 706 775 793 ἦμαῖν.
796 713 901 795 τρίτον
920 712 1087 795 βασιλείαν
1106 710 1165 797 τὴν
1183 721 1258 779 ποτε

129 810 219 888 sistit
241 812 403 893 περιφανῆ
428 812 484 875 νῦν
513 812 550 874 δὲ
567 813 835 894 τεταπεινωμένην
867 808 924 875 καί
948 814 1171 895 ω’νειδισμίνην
1203 816 1260 877 καί

159 908 408 992 ἔξσνθενημένην
420 910 638 991 α’πωλέσαμεν,
653 910 711 973 καί
728 906 790 973 dud
806 911 866 974 τοῦ
881 906 1037 994 τυράννου
1050 913 1106 975 καί
1122 912 1257 991 α’σεβοῦι,Ι

159 996 307 1089 άρχεται.
351 1009 500 1093 τέταρτον
520 1010 556 1073 δὲ
574 1007 631 1073 καί
652 1005 814 1094 φιλτάτων
831 1015 950 1074 τέκνων
961 1012 1017 1073 καί
1037 1013 1183 1093 συμβίων
1204 1013 1260 1075 καί

158 1111 320 1187 συγγενῶν
342 1103 574 1193 ὑστερούμεθα.
619 1106 716 1183 αύτδς
738 1105 804 1173 ddi
825 1104 986 1192 α’λιτήρισς
1007 1105 1023 1173 ὂ
1045 1109 1257 1193 α’μηρῦςαεν·

156 1200 301 1287 τήκοντα,
317 1204 373 1269 καί
399 1201 478 1271 ἑπτά
509 1206 632 1291 ἡμέρας
651 1199 722 1290 dyst
742 1208 883 1292 σήμερον
905 1210 963 1293 ἀφ’
985 1200 1025 1271 οῦ
1045 1202 1129 1289 ἡμᾶς
1151 1206 1255 1274 ἐλθών

111 1303 344 1368 τσεῖπέκλεισεν
365 1307 421 1369 καί
439 1303 521 1386 μετά
540 1305 645 1390 πάσης
664 1311 813 1390 μηχανῆς
834 1310 890 1371 καί
909 1304 1019 1390 ἰσχύος
1038 1310 1112 1371 καθ’
1135 1305 1257 1391 ἡμέραν

156 1425 193 1464 τε
212 1406 269 1466 καί
286 1403 383 1467 νύκτα
405 1402 462 1467 osis
480 1403 644 1470 ἐπαύσατο
657 1408 843 1489 «πολιορκεῖν
865 1406 970 1490 ἡμεῖς·
995 1408 1052 1470 καί
1069 1406 1180 1490 χάριτι
1199 1408 1258 1471 τοῦ

155 1500 378 1566 παντεπόατου
398 1507 546 1587 Χριστοῦ
565 1506 678 1587 κυρίου
707 1504 800 1589 ἦμιῦν
821 1506 856 1569 ἓν
878 1508 943 1571 τῶν
964 1508 1080 1588 τειχαῦν
1099 1504 1181 1588 μετά
1207 1508 1258 1570 αἰ-

154 1595 276 1683 σχύνης
298 1594 375 1684 άχρι
398 1604 455 1666 τοῦ
473 1606 532 1669 νῦν
550 1601 701 1678 πολλάκις
725 1607 830 1680 κακῶς
851 1608 1059 1691 ἀπεπέμφθη.
1079 1604 1119 1669 τά
1140 1608 1200 1670 νῦν
1220 1605 1257 1669 δὲ

154 1692 264 1781 πάλιν,
288 1698 441 1785 ἀδελφοί,
462 1699 507 1785 μὴ
530 1700 729 1787 δειλιάσητε,
751 1700 808 1766 ἐάν
828 1705 885 1767 καί
901 1712 1005 1784 τεῖχος
1026 1699 1167 1786 μερύθεν
1188 1702 1258 1768 ύλί.

106 1804 211 1879 τὸγον
230 1799 266 1862 εἰι
286 1802 351 1863 τιῦν
371 1798 490 1884 κράτων
512 1805 569 1865 καί
583 1806 651 1869 τῶν
671 1798 851 1883 πτωμάτων
868 1804 933 1867 τεῦν
955 1796 1131 1867 ἓλεπύλεων
1152 1800 1255 1883 ἔπεσε,

155 1896 248 1976 διότι,
269 1896 315 1972 οῦς
341 1895 434 1980 ῦμεῖς
454 1905 625 1985 θεωρεῖτε,
654 1896 733 1965 κατά
763 1898 798 1966 τά
834 1898 975 1967 δυνατὸν
1006 1897 1257 1985 ε’διωρθάσαμεν

153 1994 252 2061 πάλιν
272 1990 361 2062 αύτύ.
403 2000 497 2083 ἡμεῖς
517 2003 624 2065 πάσαν
641 1998 698 2084 τήν
718 1998 833 2065 ἐλπίδα
854 2003 901 2076 εἰς
923 1998 983 2085 τὴν
1008 1994 1135 2082 άμαχον
1158 1998 1256 2077 δόξαν

152 2096 213 2158 τοῦ
232 2098 315 2159 θεοῦ
341 2096 542 2181 άνεθέμεθα,
579 2091 668 2163 οῦτοι
697 2102 732 2163 ἐν
754 2095 879 2183 άρμασι
907 2100 963 2164 καί
986 2090 1074 2164 οῦτοι
1093 2100 1128 2162 ἐν
1147 2101 1255 2175 ἵπποις

154 2196 214 2257 ιιαί
231 2192 367 2276 δυνάμει
386 2196 444 2262 ναί
461 2196 588 2284 πλήθει,
609 2194 701 2281 ἡμεῖς
714 2200 752 2263 δὲ
765 2199 800 2263 ἐν
813 2196 943 2278 δνόματι
965 2200 1078 2282 κυρίου
1097 2200 1154 2262 τοῦ
1173 2202 1255 2263 θεοῦ

101 2294 214 2361 πονοι*
230 2298 371 2381 σωτῆρος
385 2296 478 2381 ἧμιῦν
497 2302 706 2380 πεποίθαμεν,
728 2296 877 2383 δεύτερον
900 2300 936 2363 δὲ
956 2299 1013 2361 καί
1028 2300 1063 2361 ἐν
1081 2304 1152 2372 ταῖς
1175 2296 1254 2381 ἡμε-

153 2396 264 2474 τέραις
282 2399 381 2478 χερσί
406 2400 464 2461 καί
489 2393 732 2482 ῥωμαλεάτητι,
762 2396 802 2481 ἢν
831 2394 1016 2481 ἐδωρήσατο
1036 2397 1114 2479 ἡμῖν
1135 2392 1156 2480 ἧ
1178 2395 1254 2461 θεία

151 2494 296 2573 δύναμις.
338 2498 482 2580 γνωρίζω
504 2498 541 2561 δὲ
560 2490 611 2559 ὅτι
638 2491 721 2580 αῦτη
742 2497 764 2580 ἦ
786 2500 1044 2581 μοριαρίθμητας
1072 2494 1168 2580 άγίλη
1188 2496 1253 2559 sois

151 2590 298 2675 άσεβῦν,
316 2593 425 2671 καθάς
452 2591 601 2681 ἦαύταῖν
627 2594 806 2681 συνήθεια,
836 2592 1020 2661 ἐλεύσονται
1049 2598 1125 2659 καθ’
1161 2592 1253 2679 ἡμῶν

223 2799 249 2835 α.
267 2780 395 2845 τινάςΜ
500 2788 525 2841 3.
544 2786 725 2857 τοιαύτηνΜ
815 2789 854 2859 ri.
875 2788 976 2860 τειχῶν
991 2788 1116 2860 nepos?
1209 2789 1248 2842 ¹5·

221 2855 412 2927 suispdturl’
621 2862 625 2869 '
1072 2894 1078 2907 .

152 3013 236 3077 eaput
252 3016 301 3061 est
320 3026 382 3062 nam
400 3012 423 3062 ei
441 3012 501 3083 quis
521 3021 611 3065 totum
628 3003 758 3065 mundum
776 3012 904 3073 lucretur,
924 3010 1030 3062 animae
1050 3014 1139 3059 autem
1159 3006 1247 3060 detri-

150 3087 273 3131 mentum
291 3083 426 3149 patiatur,
453 3082 521 3153 quid
540 3084 583 3135 illi
606 3083 751 3153 proderit?
777 3081 898 3135 secundo
918 3081 980 3132 ioco
998 3079 1093 3131 inclita
1112 3079 1200 3147 patria
1218 3086 1248 3130 et

149 3149 280 3202 libertate
305 3154 448 3220 privamur.
468 3156 549 3207 tertio
568 3156 711 3225 imperium
730 3154 795 3205 olim
814 3152 931 3215 illustre,
949 3168 1022 3202 nuuc
1041 3150 1197 3219 depressum
1218 3156 1246 3200 et

150 3229 271 3289 spretum
290 3230 319 3273 et
336 3232 501 3277 contemtum
518 3226 675 3289 amittimus,
695 3227 725 3279 in
744 3231 909 3295 potestatem
926 3221 1033 3289 tyranni
1054 3229 1082 3272 et
1099 3220 1174 3289 impii
1193 3217 1246 3271 ho.

149 3291 232 3343 minis
249 3308 452 3360 concessurum
470 3303 606 3365 postremo
624 3296 717 3349 liberis
733 3295 913 3357 arnstissimis,
935 3291 1094 3360 coniugibus
1106 3298 1135 3342 et
1147 3304 1247 3359 cugne-

148 3362 187 3413 tis
206 3361 363 3432 spoliamur.
383 3374 423 3418 est
436 3376 527 3419 autern
539 3366 599 3419 dieo
617 3368 856 3439 quinquagesimus
874 3365 1014 3434 septimus,
1032 3378 1067 3413 ex
1084 3377 1139 3431 quo
1158 3362 1246 3412 scele-

149 3440 208 3483 stus
228 3434 281 3485 iste
299 3450 400 3487 umeros
420 3454 470 3489 nos
488 3438 611 3489 obsessos
628 3446 706 3489 tenet
723 3446 751 3490 et
771 3436 897 3488 omuibus
916 3433 1048 3485 machinis
1070 3434 1141 3484 omui
1165 3448 1198 3481 ue
1218 3432 1246 3481 vi

148 3501 196 3554 die
213 3519 245 3553 ao
261 3514 341 3557 noete
361 3522 410 3557 nos
430 3524 588 3578 oppugnare
606 3524 664 3560 non
681 3508 804 3560 desistit:
830 3514 858 3557 at
884 3507 974 3557 omniu
993 3504 1125 3556 intuentis
1145 3447 1246 3553 dhrim

147 3573 254 3625 donini
272 3578 357 3644 gratia
377 3576 516 3649 hueusque
534 3596 728 3650 saepenumero
756 3594 817 3629 cum
846 3576 980 3628 dedecore
1000 3592 1018 3641 ε
1036 3572 1180 3626 moenibus
1201 3587 1246 3623 re-

145 3644 246 3715 puisus
267 3654 317 3698 est.
346 3659 513 3720 quapropter
540 3667 591 3702 neo
613 3668 695 3714 nune,
712 3650 818 3711 iratres,
837 3648 930 3699 timori
957 3647 1047 3698 locum
1066 3642 1244 3713 relinquatis,

146 3715 258 3766 etiamsi
277 3720 386 3770 moenia
416 3720 508 3790 aliqua
532 3738 566 3773 ex
589 3730 666 3791 parte
694 3726 808 3791 propter
824 3717 994 3787 helepolium
1010 3716 1104 3786 puisua
1124 3722 1153 3764 et
1172 3714 1243 3765 ictus

145 3796 327 3851 ⁰⁰‘ffl2funis
354 3792 491 3859 quoniam,
514 3801 546 3845 ut
562 3790 662 3845 videtis
687 3792 755 3861 ipsi,
784 3806 832 3859 pro
851 3788 954 3840 viribus
973 3802 1006 3839 ea
1024 3784 1240 3837 instauravimus.

145 3872 257 3908 omnem
277 3874 353 3929 spem
371 3861 401 3913 in
420 3861 505 3931 gloria
523 3863 625 3919 invicta
644 3862 689 3914 dei
712 3861 915 3913 collocavimus.
941 3860 982 3910 ilii
1002 3854 1133 3918 curribus,
1153 3854 1241 3923 equis,

145 3927 243 3997 copiis,
258 3930 436 3994 multitudini,
453 3950 502 3985 nos
515 3932 569 3997 dei,
589 3933 692 3985 domiui
706 3941 734 3985 et
744 3931 884 3984 salvatoris
897 3930 991 3992 nostri,
1008 3927 1121 3990 nomini,
1139 3924 1240 3977 deinde

84 4018 94 4033 ¹
145 3996 256 4049 demum
274 4001 399 4053 manibus
419 4012 448 4054 et
464 4002 555 4055 robori
574 4004 698 4068 fidimus,
724 4020 740 4053 a
759 4002 852 4053 (livine
878 4002 1002 4071 potentia
1019 3998 1100 4050 nobis
1122 3996 1239 4047 donatis.

144 4070 203 4120 seio
221 4070 358 4141 equidem,
378 4072 448 4124 iisne
466 4074 690 4127 innumerabilem
707 4074 852 4142 impiorum
868 4071 973 4123 turbam
992 4086 1066 4121 more
1085 4084 1134 4119 suo
1147 4074 1240 4119 eontra

143 4156 196 4193 nos
212 4156 398 4211 processuum
416 4161 475 4197 esse
489 4162 551 4199 eum
564 4148 644 4213 fastu,
664 4146 737 4199 elato
757 4143 911 4214 supercilio,
930 4140 1070 4212 spiritibus
1088 4139 1191 4206 magnis
1210 4144 1240 4188 et

196 4244 357 4301 Plarantsss.
1018 4246 1048 4297 18

1297 376 1307 409 i
