3042 4817
289 259 378 376 376
607 289 783 353 cnonen
814 286 1057 352 riinmmss

287 442 353 516 μεθ
374 438 548 522 ἐπηρμένος
575 435 632 502 κατ’
652 433 797 516 α’λαζοόν·
849 437 896 512 τῖς
916 434 976 520 γὰρ
996 435 1113 516 μειζων
1132 434 1190 497 τοιῖ
1212 427 1383 512 Μωόμεθ,

288 535 324 614 te
344 536 550 622 όπεραναβιὶς
574 535 649 613 τοός
671 535 838 622 ου’ραναός,
868 534 912 613 σός
932 532 1031 611 αότός
1051 535 1126 616 περὶ
1145 531 1246 596 αὑτοῦ
1263 529 1380 614 εἴρηκε,

286 635 343 702 καί
363 635 463 712 αότός
484 632 589 712 πόσας
609 635 668 711 τός
688 633 856 718 α’γγελικὰς
874 631 1024 714 όυνόμεις
1036 636 1079 717 τῷ
1090 635 1156 718 θεῷ
1175 632 1380 716 προσωμόλει,

286 735 342 800 καὶ
359 739 489 820 μεσίτης
518 739 581 800 τῶν
608 733 801 799 ἐπταικότων
821 730 961 815 ἀγγέλων
979 735 1118 814 ἐγένετο,
1145 729 1228 794 ἀλλὰ
1248 731 1380 794 καὶτοῦ

286 833 407 915 κόσμου
429 834 546 908 παντός
573 832 769 918 προστάτης,
799 832 817 897 ό
847 834 994 913 διάβολος
1020 830 1279 912 ἀνθρωποκτόνος
1299 830 1407 907 ἐστι’,ᾶ

284 939 340 998 καί
357 933 544 1014 όΜωόμεθ
562 932 635 1010 τοός
647 932 691 1015 μή
709 936 916 1013 πειθομένους
936 940 1000 1006 τοῖς
1020 931 1175 1012 δόγμασιν
1195 927 1299 994 αὑτοῦ
1316 932 1381 990 θα-

284 1032 367 1120 νότιγ
388 1035 599 1098 κατεδόιασεν.
642 1030 658 1096 ό
680 1029 826 1112 διάβολος
847 1028 991 1094 όπατεών
1007 1033 1085 1111 ἐστι,
1107 1029 1162 1093 καί
1182 1027 1201 1092 ό
1223 1024 1382 1107 Μωόμεθ

281 1129 340 1207 τός
362 1128 478 1216 ήόονιὶς
504 1129 615 1204 ε’νόοός
644 1135 699 1194 καί
718 1126 825 1212 ιόσπερ
852 1155 884 1194 τι
907 1132 1021 1212 δέλεαρ
1042 1131 1078 1194 όν
1097 1131 1255 1215 α’γκῖστρηι
1275 1126 1379 1202 ἐνθεὶς

281 1230 357 1306 τυός
377 1225 529 1312 ἀνοήτους
551 1227 627 1312 πρός
649 1225 760 1295 ἑαυτὸν
783 1227 986 1315 όφελκόσατο.
1029 1226 1047 1291 ό
1069 1230 1216 1310 διάβολος
1234 1223 1379 1309 ψεύστης

282 1333 393 1411 ἐστίν,
417 1331 487 1394 ἀλλ’
519 1329 557 1392 οὗ
581 1331 731 1394 τοσοῦτον
763 1325 807 1403 σός
832 1327 849 1392 ό
872 1323 1038 1409 Μωόμεθ,
1059 1324 1166 1402 καθώς
1185 1330 1242 1390 καῖ
1260 1328 1294 1390 ἐν
1313 1319 1429 1412 όλριο

281 1431 325 1515 τῷ
358 1425 454 1509 κορόν
483 1432 606 1513 τρανιός
639 1429 861 1514 ἀναφαίνεται.
920 1425 938 1490 ό
963 1426 1110 1509 διάβολος
1130 1423 1270 1502 όπουλός
1288 1426 1376 1489 ε’στι·

184 1569 188 1578 -
239 1524 339 1608 84καό
360 1530 407 1602 τίς
436 1519 531 1604 ἄλλος
559 1526 603 1602 alc
635 1528 792 1607 Μωόμεθ
823 1529 861 1614 τῇ
889 1525 1079 1592 ταπεινώσει
1111 1523 1295 1610 όποκριθεῖς
1320 1521 1378 1606 τήν

280 1623 551 1712 ότμηλοφροσόνην
586 1626 771 1710 ήσπόσατυς
798 1625 815 1689 ό
843 1623 992 1708 διάβολος
1017 1621 1200 1706 ου’μβουλός
1225 1628 1292 1688 ε’στι
1316 1625 1379 1686 τοῖν

280 1723 563 1809 ἀπηγορευμένων,
590 1726 646 1786 καί
665 1723 745 1808 όπὲρ
774 1723 893 1800 πάντας
920 1722 938 1786 ό
968 1721 1140 1803 Meamn-
1185 1723 1286 1796 ,atter
1314 1718 1375 1805 γὰρ

278 1822 384 1904 ὑγιές,
406 1821 500 1888 υόόὲν
530 1821 700 1908 ὠφέλιμον,
723 1824 816 1886 ου’δέν
845 1826 911 1905 θεῷ
933 1823 1062 1903 δεκτόν,
1093 1823 1175 1886 (illd
1209 1820 1250 1886 τό
1273 1819 1376 1886 πάντα
1388 1827 1426 1888 ι5

278 1919 358 1984 κατὰ
379 1925 437 1986 τοῦ
458 1921 551 1986 θείου
574 1919 674 2002 νόμου
696 1923 848 1998 ἐδίδαξεν.
890 1919 907 1986 ό
937 1919 1085 2003 διάβολος
1106 1914 1202 1997 όθεός
1221 1923 1302 2000 ε’στι,
1321 1923 1379 1983 καῖ

277 2017 360 2082 κατὰ
392 2017 495 2085 πόντοι
517 2015 625 2101 ὅμοιος
650 2021 737 2108 ου’τρῖ
765 2017 781 2084 ό
810 2023 865 2104 τής
893 2021 1054 2096 α’πωλείας
1074 2018 1140 2096 υἱός
1159 2018 1178 2084 ό
1198 2017 1376 2100 Μωόμεθ·

276 2116 355 2183 θεόν
373 2115 436 2202 γὰρ
458 2128 632 2200 προσκυνεῖ
645 2121 699 2182 καί
714 2118 860 2204 κηρύττει
878 2114 1071 2205 όλόσφαιρσν
1084 2123 1140 2185 κατ’
1158 2119 1376 2204 ψυχρότατον,

278 2215 356 2280 θεόν
384 2226 557 2301 προσκυνεῖ
585 2216 640 2282 τόν
665 2213 746 2300 μήτε
774 2218 965 2301 γεννήσαντα
987 2217 1067 2302 μήτε
1096 2222 1307 2302 γεννηθέντα,
1328 2217 1374 2302 μή

278 2313 394 2397 νοήσας
414 2313 431 2378 ό
455 2315 594 2391 δείλαιος
617 2309 667 2380 ότι
686 2319 781 2398 σῶμα
800 2326 974 2402 προσκυνεῖ
989 2317 1045 2383 καῖ
1065 2321 1107 2383 ου’
1112 2315 1226 2398 θεόν·
1267 2314 1424 2402 ήγόραο
1495 2352 1496 2365 ι

279 2419 406 2496 σφαῖρα
440 2409 524 2488 εἶδος
558 2414 707 2493 σώματός
728 2417 797 2479 ε’στι
825 2414 920 2502 καῖή
949 2420 1047 2498 ψῦξις
1065 2415 1195 2502 ποιότης
1216 2416 1374 2497 στόματος.

278 2508 331 2574 τόν
352 2513 389 2574 δὲ
409 2508 487 2575 θεόν
507 2509 561 2576 τόν
580 2510 660 2596 μήτε
682 2512 877 2596 γεννήσαντα
897 2511 978 2597 μήτε
1001 2520 1192 2601 γεννηθέντα
1214 2517 1255 2580 ου’
1273 2539 1376 2597 προσ-

279 2613 370 2670 κυνεῖ
397 2607 477 2674 ἀλλὰ
507 2611 601 2689 σῶμα
614 2657 624 2690 ,
656 2601 732 2674 οὔτε
764 2609 843 2676 θεόν
874 2612 1044 2694 ἀσώματον
1076 2619 1132 2680 καῖ
1150 2614 1269 2702 ἅληθή,
1290 2612 1375 2678 ἀλλὰ

279 2865 449 2922 Mohametes
467 2870 555 2924 elatus
576 2881 604 2928 et
621 2873 732 2928 nebulo.
769 2879 831 2947 quis
847 2881 920 2931 enim
934 2881 1091 2936 llohnmete
1108 2886 1203 2949 maior,
1222 2885 1269 2954 qui
1289 2903 1373 2956 supra

279 2941 371 3003 coela,
398 2949 430 2994 ut
457 2941 516 3012 ipse
540 2941 574 2996 de
604 2961 632 2996 ss
652 2945 805 3014 praedicat,
830 2957 863 3001 et
879 2966 973 3004 omnes
999 2955 1109 3022 angelos
1128 2971 1267 3024 egressus,
1289 2955 1374 3008 ‹leinn

279 3009 408 3062 convenit
430 3017 459 3064 et
487 3014 599 3080 angelis,
619 3017 667 3086 qui
686 3025 882 3086 peccaverant,
910 3019 1028 3075 divinam
1047 3025 1160 3093 gratiam
1178 3026 1375 3090 reconciliavit,

277 3082 346 3150 quin
368 3081 449 3133 etiam
470 3085 555 3136 totius
573 3085 668 3137 mundi
680 3097 809 3156 patronus
823 3089 896 3144 snit?
934 3093 1058 3147 diabolus
1077 3094 1213 3148 homicida
1233 3105 1289 3162 est3
1308 3097 1375 3148 Μο-

257 3149 400 3202 ,Ῑιειιιιεῑεσ
420 3170 484 3216 σοι,
504 3157 552 3224 qui
578 3155 711 3225 dogmatis
735 3161 790 3211 suis
808 3178 865 3213 non
892 3163 1120 3235 obtemperarent,
1137 3175 1222 3219 morte
1235 3167 1372 3220 multevit.

277 3219 403 3274 diabolus
421 3223 609 3278 fraudulentus
629 3235 682 3294 est;
712 3229 881 3284 Mohametes
909 3235 1047 3288 licentiam
1067 3237 1237 3306 voluptatum
1259 3239 1373 3302 faciens,

277 3309 343 3362 quas
363 3295 439 3362 quasi
458 3301 488 3346 ut
501 3311 586 3348 escam
602 3295 681 3350 haino
700 3299 793 3363 affixit,
812 3303 997 3372 imprudentes
1013 3307 1048 3358 sd
1065 3324 1094 3359 se
1110 3309 1233 3378 pellexit.
1272 3308 1372 3361 diabo-

275 3361 320 3414 lus
340 3363 458 3415 mendax
488 3375 543 3430 est,
572 3383 623 3420 nec
649 3375 740 3421 tantus
761 3379 860 3435 tamen,
881 3385 1000 3444 quantus
1017 3377 1196 3443 Molmmetes,
1218 3379 1293 3449 quod
1310 3387 1372 3431 tote

276 3448 373 3484 cornne
388 3435 459 3485 clare
476 3433 682 3490 demonstratur.
702 3439 827 3494 diabolus
847 3445 979 3498 subdolus
999 3457 1057 3513 est;
1080 3449 1141 3518 qnis
1159 3458 1250 3511 antem
1269 3451 1372 3520 pariter

275 3519 307 3553 nc
326 3503 504 3566 Mohninetes‚
526 3507 681 3561 humilitate
706 3513 846 3565 occultans
863 3517 1025 3586 superbiam,
1044 3518 1184 3572 blanditus
1206 3521 1270 3574 est?
1309 3519 1370 3572 dia-

273 3571 355 3625 bolus
373 3577 519 3628 vetitorum
539 3595 631 3630 suasor
648 3589 707 3644 est3
729 3583 802 3634 idem
820 3602 885 3654 prae
905 3587 1031 3642 omnibus
1048 3589 1235 3655 Mohameies,
1276 3593 1304 3642 ui
1324 3593 1370 3642 ni-

272 3641 313 3694 hil
333 3646 466 3710 salutare,
485 3647 555 3701 nihil
572 3650 654 3714 utile,
674 3646 745 3704 nihil
766 3652 818 3705 deo
836 3667 986 3727 acceptum,
1006 3660 1055 3712 sed
1074 3664 1165 3712 omnia
1184 3661 1238 3731 legi
1256 3609 1370 3715 livinae

273 3718 407 3767 contraria
427 3715 527 3768 docuit.
565 3717 690 3772 diabolus
708 3724 807 3794 impius
826 3736 879 3792 εει,
897 3731 1010 3782 omnino
1029 3733 1054 3782 ei
1072 3732 1225 3783 simillimus
1246 3739 1288 3785 est
1304 3748 1370 3802 per·

272 3785 355 3836 nicici
376 3787 448 3839 illins
466 3787 642 3842 Mohnrnetes.
680 3792 759 3845 deum
780 3797 852 3847 enim
872 3797 982 3862 adorat,
1003 3816 1085 3869 quern
1105 3803 1248 3870 globosum
1269 3812 1297 3856 et
1317 3803 1368 3855 sri-

270 3854 439 3922 giilissirnum
460 3861 590 3928 appellnt,
610 3861 700 3926 ileum,
720 3867 767 3934 qui
786 3883 838 3918 nec
863 3870 1004 3936 generavit
1020 3889 1071 3923 nec
1089 3883 1232 3941 generatus
1251 3882 1300 3938 est,
1319 3871 1368 3924 ail-

272 3941 347 3976 orare
366 3926 420 3980 sibi
438 3929 519 3992 visus,
537 3938 619 3999 atque
637 3935 752 3999 nescius,
773 3953 888 4007 corpus,
907 3956 963 3993 non
980 3939 1062 3992 ileum
1083 3961 1098 3994 a
1117 3961 1146 3996 se
1165 3944 1279 3996 adorari.
1307 3944 1368 4013 gle-

270 3993 322 4044 bus
336 3997 408 4048 enim
426 4001 539 4068 species,
561 4001 643 4070 frigus
663 4006 779 4074 qualitas
797 4009 915 4078 corporis
934 4019 985 4063 est.
1021 4013 1115 4083 itaque
1132 4033 1187 4066 non
1207 4015 1297 4077 deum,
1318 4015 1367 4084 qui

268 4079 319 4115 nec
337 4070 475 4133 generavit
492 4087 542 4122 nec
560 4084 702 4140 generatus
721 4085 771 4140 est,
792 4079 897 4142 adorat,
914 4082 962 4133 sed
976 4099 1075 4154 corpus
1094 4083 1199 4148 adorat,
1216 4103 1267 4138 nec
1282 4086 1366 4139 deum

268 4135 458 4208 incorporeum
477 4149 504 4194 et
522 4159 612 4197 verum
626 4145 729 4212 sileret,
749 4147 797 4201 sed
816 4150 905 4216 deum,
925 4170 1005 4224 quem
1019 4158 1125 4210 somnia
1143 4158 1286 4228 impiorum
1299 4174 1365 4212 con·
