<?xml version="1.0" encoding="UTF-8"?>
<!DOCTYPE html PUBLIC "-//W3C//DTD XHTML 1.0 Transitional//EN"
    "http://www.w3.org/TR/xhtml1/DTD/xhtml1-transitional.dtd">
<html xmlns="http://www.w3.org/1999/xhtml" xml:lang="en" lang="en">
 <head>
  <title>
</title>
<meta http-equiv="Content-Type" content="text/html;charset=utf-8" />
  <meta name='ocr-system' content='tesseract 3.04.00' />
  <meta name='ocr-capabilities' content='ocr_page ocr_carea ocr_par ocr_line ocrx_word'/>
</head>
<body>
  <div class='ocr_page' id='page_1' title='image "./corpusscriptoru48theogoog_0537.png"; bbox 0 0 3042 4817; ppageno 0'>
   <div class='ocr_carea' id='block_1_1' title="bbox 203 269 1246 363">
    <p class='ocr_par' dir='ltr' id='par_1_1' title="bbox 203 269 1246 363">
     <span class='ocr_line' id='line_1_1' title="bbox 203 269 1246 363; baseline 0 -7"><span class='ocrx_word' id='word_1_1' title='bbox 203 297 211 305; x_wconf 93' lang='lat'>·</span> <span class='ocrx_word' id='word_1_2' title='bbox 254 293 311 356; x_wconf 83' lang='lat' dir='ltr'><strong>on</strong></span> <span class='ocrx_word' id='word_1_3' title='bbox 328 289 694 358; x_wconf 75' lang='lat' dir='ltr'><strong>ntmssnomcnsst</strong></span> <span class='ocrx_word' id='word_1_4' title='bbox 722 277 1129 363; x_wconf 74' lang='lat' dir='ltr'><strong>merbrontnnnuo.</strong></span> <span class='ocrx_word' id='word_1_5' title='bbox 1163 269 1246 356; x_wconf 75' lang='lat'><strong>525</strong></span> 
     </span>
    </p>
   </div>
   <div class='ocr_carea' id='block_1_2' title="bbox 147 435 1244 540">
    <p class='ocr_par' dir='ltr' id='par_1_2' title="bbox 147 435 1244 540">
     <span class='ocr_line' id='line_1_2' title="bbox 147 435 1244 540; baseline 0.006 -32"><span class='ocrx_word' id='word_1_6' title='bbox 147 445 242 527; x_wconf 73' lang='grc' dir='ltr'><strong><em>γοῦν,</em></strong></span> <span class='ocrx_word' id='word_1_7' title='bbox 250 435 350 522; x_wconf 74' lang='grc' dir='ltr'><strong><em>οἶμαι,</em></strong></span> <span class='ocrx_word' id='word_1_8' title='bbox 359 437 479 540; x_wconf 63' lang='grc' dir='ltr'><strong><em>τοῦθό</em></strong></span> <span class='ocrx_word' id='word_1_9' title='bbox 488 437 668 527; x_wconf 80' lang='grc' dir='ltr'><strong><em>Μουράτης</em></strong></span> <span class='ocrx_word' id='word_1_10' title='bbox 678 445 834 527; x_wconf 76' lang='grc' dir='ltr'><strong><em>ἐσκέψατο</em></strong></span> <span class='ocrx_word' id='word_1_11' title='bbox 842 447 897 510; x_wconf 81' lang='grc' dir='ltr'><strong>καέ</strong></span> <span class='ocrx_word' id='word_1_12' title='bbox 906 450 998 513; x_wconf 64' lang='grc' dir='ltr'><strong><em>τοῦθ’</em></strong></span> <span class='ocrx_word' id='word_1_13' title='bbox 1005 441 1091 514; x_wconf 75' lang='lat' dir='ltr'><strong>airu</strong></span> <span class='ocrx_word' id='word_1_14' title='bbox 1098 450 1244 531; x_wconf 81' lang='grc' dir='ltr'><strong><em>γενέσθαι</em></strong></span> 
     </span>
    </p>
   </div>
   <div class='ocr_carea' id='block_1_3' title="bbox 89 537 1295 2708">
    <p class='ocr_par' dir='ltr' id='par_1_3' title="bbox 89 537 1295 2708">
     <span class='ocr_line' id='line_1_3' title="bbox 153 537 1243 634; baseline 0.004 -26"><span class='ocrx_word' id='word_1_15' title='bbox 153 545 358 626; x_wconf 74' lang='grc' dir='ltr'><strong><em>προσέταξεν,</em></strong></span> <span class='ocrx_word' id='word_1_16' title='bbox 379 542 418 606; x_wconf 77' lang='grc' dir='ltr'><strong>ἵν’</strong></span> <span class='ocrx_word' id='word_1_17' title='bbox 439 537 618 625; x_wconf 83' lang='grc' dir='ltr'><strong><em>α’σφάλειαν</em></strong></span> <span class='ocrx_word' id='word_1_18' title='bbox 637 543 657 625; x_wconf 85' lang='grc' dir='ltr'><strong><em>ἡ</em></strong></span> <span class='ocrx_word' id='word_1_19' title='bbox 678 541 769 620; x_wconf 84' lang='grc' dir='ltr'><strong><em>πόλις</em></strong></span> <span class='ocrx_word' id='word_1_20' title='bbox 793 543 850 634; x_wconf 82' lang='grc' dir='ltr'><strong>ἔχη</strong></span> <span class='ocrx_word' id='word_1_21' title='bbox 876 551 930 610; x_wconf 78' lang='grc' dir='ltr'><strong><em>κατ’</em></strong></span> <span class='ocrx_word' id='word_1_22' title='bbox 948 545 1095 632; x_wconf 75' lang='grc' dir='ltr'><strong><em>φυλακην</em></strong></span> <span class='ocrx_word' id='word_1_23' title='bbox 1115 549 1243 630; x_wconf 83' lang='grc' dir='ltr'><strong><em>α’κριβε-</em></strong></span> 
     </span>
     <span class='ocr_line' id='line_1_4' title="bbox 148 635 1241 732; baseline 0.005 -25"><span class='ocrx_word' id='word_1_24' title='bbox 148 641 267 725; x_wconf 85' lang='grc' dir='ltr'><strong><em>στέραν</em></strong></span> <span class='ocrx_word' id='word_1_25' title='bbox 286 643 321 705; x_wconf 91' lang='grc' dir='ltr'><strong>έκ</strong></span> <span class='ocrx_word' id='word_1_26' title='bbox 340 637 465 720; x_wconf 84' lang='grc' dir='ltr'><strong><em>τοότου,</em></strong></span> <span class='ocrx_word' id='word_1_27' title='bbox 489 637 644 720; x_wconf 77' lang='grc' dir='ltr'><strong>παράλιος</strong></span> <span class='ocrx_word' id='word_1_28' title='bbox 664 635 746 707; x_wconf 73' lang='lat' dir='ltr'><strong>odon</strong></span> <span class='ocrx_word' id='word_1_29' title='bbox 766 647 820 709; x_wconf 83' lang='grc' dir='ltr'><strong><em>καί</em></strong></span> <span class='ocrx_word' id='word_1_30' title='bbox 838 641 892 708; x_wconf 79' lang='lat' dir='ltr'><strong>tut</strong></span> <span class='ocrx_word' id='word_1_31' title='bbox 906 649 998 710; x_wconf 77' lang='grc' dir='ltr'><strong><em>τοῦτο</em></strong></span> <span class='ocrx_word' id='word_1_32' title='bbox 1020 647 1151 732; x_wconf 75' lang='grc' dir='ltr'><strong><em>δεομένη</em></strong></span> <span class='ocrx_word' id='word_1_33' title='bbox 1164 652 1241 712; x_wconf 84' lang='grc' dir='ltr'><strong><em>πυλ-</em></strong></span> 
     </span>
     <span class='ocr_line' id='line_1_5' title="bbox 147 737 1241 828; baseline 0.002 -20"><span class='ocrx_word' id='word_1_34' title='bbox 147 745 217 808; x_wconf 74' lang='lat' dir='ltr'><strong>inis</strong></span> <span class='ocrx_word' id='word_1_35' title='bbox 234 737 447 821; x_wconf 71' lang='grc' dir='ltr'><strong>ἐνοικούντων,</strong></span> <span class='ocrx_word' id='word_1_36' title='bbox 468 739 523 803; x_wconf 80' lang='grc' dir='ltr'><strong>καὶ</strong></span> <span class='ocrx_word' id='word_1_37' title='bbox 540 744 593 804; x_wconf 80' lang='grc' dir='ltr'><strong><em>ἵνα</em></strong></span> <span class='ocrx_word' id='word_1_38' title='bbox 612 739 668 824; x_wconf 78' lang='grc' dir='ltr'><strong>τὴν</strong></span> <span class='ocrx_word' id='word_1_39' title='bbox 688 741 809 826; x_wconf 84' lang='grc' dir='ltr'><strong><em>όγορόν</em></strong></span> <span class='ocrx_word' id='word_1_40' title='bbox 833 741 1019 828; x_wconf 78' lang='grc' dir='ltr'><strong><em>πλήθουσαν</em></strong></span> <span class='ocrx_word' id='word_1_41' title='bbox 1038 743 1157 826; x_wconf 78' lang='grc' dir='ltr'><strong><em>ἔχουσα</em></strong></span> <span class='ocrx_word' id='word_1_42' title='bbox 1178 745 1241 810; x_wconf 77' lang='grc' dir='ltr'><strong>τῶν</strong></span> 
     </span>
     <span class='ocr_line' id='line_1_6' title="bbox 115 831 1237 931; baseline 0.002 -25"><span class='ocrx_word' id='word_1_43' title='bbox 115 843 255 916; x_wconf 78' lang='grc' dir='ltr'><strong><em>5οόνίων</em></strong></span> <span class='ocrx_word' id='word_1_44' title='bbox 280 837 425 904; x_wconf 80' lang='grc' dir='ltr'><strong><em>ἁπάντων</em></strong></span> <span class='ocrx_word' id='word_1_45' title='bbox 450 841 496 914; x_wconf 79' lang='grc' dir='ltr'><strong><em>εἰς</em></strong></span> <span class='ocrx_word' id='word_1_46' title='bbox 522 831 623 923; x_wconf 73' lang='grc' dir='ltr'><strong><em>πότην</em></strong></span> <span class='ocrx_word' id='word_1_47' title='bbox 651 842 917 922; x_wconf 77' lang='grc' dir='ltr'><strong><em>εἰσκομιζομένων</em></strong></span> <span class='ocrx_word' id='word_1_48' title='bbox 932 841 1055 920; x_wconf 78' lang='grc' dir='ltr'><strong><em>πάντας</em></strong></span> <span class='ocrx_word' id='word_1_49' title='bbox 1071 842 1143 931; x_wconf 73' lang='grc' dir='ltr'><strong><em>ἕλκη</em></strong></span> <span class='ocrx_word' id='word_1_50' title='bbox 1162 850 1237 930; x_wconf 83' lang='grc' dir='ltr'><strong><em>παρ’</em></strong></span> 
     </span>
     <span class='ocr_line' id='line_1_7' title="bbox 144 936 1295 1028; baseline 0.006 -24"><span class='ocrx_word' id='word_1_51' title='bbox 144 936 259 1028; x_wconf 77' lang='grc' dir='ltr'><strong><em>ἑαυτῇ,</em></strong></span> <span class='ocrx_word' id='word_1_52' title='bbox 280 941 502 1022; x_wconf 72' lang='grc' dir='ltr'><strong><em>πραγματειῶν</em></strong></span> <span class='ocrx_word' id='word_1_53' title='bbox 516 940 572 1002; x_wconf 76' lang='grc' dir='ltr'><strong>καὶ</strong></span> <span class='ocrx_word' id='word_1_54' title='bbox 581 939 849 1024; x_wconf 77' lang='grc' dir='ltr'><strong><em>συναλλαγμάτων</em></strong></span> <span class='ocrx_word' id='word_1_55' title='bbox 862 941 1010 1008; x_wconf 72' lang='grc' dir='ltr'><strong><em>ἁπάντων</em></strong></span> <span class='ocrx_word' id='word_1_56' title='bbox 1022 945 1235 1025; x_wconf 79' lang='grc' dir='ltr'><strong><em>μεταδιδοῦσα</em></strong></span> <span class='ocrx_word' id='word_1_57' title='bbox 1241 953 1295 1011; x_wconf 81' lang='grc'><strong>368</strong></span> 
     </span>
     <span class='ocr_line' id='line_1_8' title="bbox 144 1032 986 1126; baseline 0.004 -24"><span class='ocrx_word' id='word_1_58' title='bbox 144 1048 216 1114; x_wconf 84' lang='grc' dir='ltr'><strong><em>τοῖς</em></strong></span> <span class='ocrx_word' id='word_1_59' title='bbox 235 1036 390 1125; x_wconf 75' lang='grc' dir='ltr'><strong><em>χρῄζουσι</em></strong></span> <span class='ocrx_word' id='word_1_60' title='bbox 413 1037 468 1100; x_wconf 81' lang='grc' dir='ltr'>καί</span> <span class='ocrx_word' id='word_1_61' title='bbox 486 1032 603 1120; x_wconf 77' lang='grc' dir='ltr'><strong><em>έαυτὴν</em></strong></span> <span class='ocrx_word' id='word_1_62' title='bbox 623 1036 744 1126; x_wconf 80' lang='grc' dir='ltr'><strong><em>ῥφόέως</em></strong></span> <span class='ocrx_word' id='word_1_63' title='bbox 763 1041 986 1118; x_wconf 77' lang='grc' dir='ltr'><strong><em>πλουτιζουσα.</em></strong></span> 
     </span>
     <span class='ocr_line' id='line_1_9' title="bbox 230 1129 1235 1225; baseline 0.008 -25"><span class='ocrx_word' id='word_1_64' title='bbox 230 1135 293 1201; x_wconf 77' lang='grc' dir='ltr'><strong><em>κά.</em></strong></span> <span class='ocrx_word' id='word_1_65' title='bbox 340 1133 464 1200; x_wconf 77' lang='grc' dir='ltr'><strong><em>Τούτων</em></strong></span> <span class='ocrx_word' id='word_1_66' title='bbox 491 1129 552 1200; x_wconf 81' lang='grc' dir='ltr'><strong>σόν</strong></span> <span class='ocrx_word' id='word_1_67' title='bbox 582 1131 667 1200; x_wconf 74' lang='grc' dir='ltr'><strong><em>οὕτω</em></strong></span> <span class='ocrx_word' id='word_1_68' title='bbox 694 1137 895 1220; x_wconf 85' lang='grc' dir='ltr'><strong><em>προβάντων,</em></strong></span> <span class='ocrx_word' id='word_1_69' title='bbox 925 1137 980 1204; x_wconf 71' lang='grc' dir='ltr'><strong><em>κατ’</em></strong></span> <span class='ocrx_word' id='word_1_70' title='bbox 999 1143 1063 1206; x_wconf 78' lang='lat' dir='ltr'><strong>sois</strong></span> <span class='ocrx_word' id='word_1_71' title='bbox 1087 1139 1235 1225; x_wconf 82' lang='grc' dir='ltr'><strong><em>Τοόρκων</em></strong></span> 
     </span>
     <span class='ocr_line' id='line_1_10' title="bbox 142 1231 1235 1324; baseline 0.005 -22"><span class='ocrx_word' id='word_1_72' title='bbox 142 1240 191 1312; x_wconf 83' lang='grc' dir='ltr'><strong><em>εἰς</em></strong></span> <span class='ocrx_word' id='word_1_73' title='bbox 200 1238 328 1318; x_wconf 77' lang='grc' dir='ltr'><strong><em>χιλίους</em></strong></span> <span class='ocrx_word' id='word_1_74' title='bbox 343 1233 586 1318; x_wconf 71' lang='grc' dir='ltr'><strong><em>ἀριθμουμένων</em></strong></span> <span class='ocrx_word' id='word_1_75' title='bbox 595 1231 654 1318; x_wconf 70' lang='grc' dir='ltr'><strong>τήν</strong></span> <span class='ocrx_word' id='word_1_76' title='bbox 669 1235 758 1301; x_wconf 89' lang='grc' dir='ltr'><strong><em>πόλιν</em></strong></span> <span class='ocrx_word' id='word_1_77' title='bbox 771 1235 1014 1324; x_wconf 84' lang='grc' dir='ltr'><strong><em>κατειληφότων,</em></strong></span> <span class='ocrx_word' id='word_1_78' title='bbox 1034 1241 1089 1305; x_wconf 80' lang='grc' dir='ltr'><strong><em>καί</em></strong></span> <span class='ocrx_word' id='word_1_79' title='bbox 1109 1240 1235 1308; x_wconf 88' lang='grc' dir='ltr'><strong><em>πάντων</em></strong></span> 
     </span>
     <span class='ocr_line' id='line_1_11' title="bbox 96 1331 1232 1422; baseline 0.005 -24"><span class='ocrx_word' id='word_1_80' title='bbox 96 1335 250 1410; x_wconf 74' lang='grc' dir='ltr'><strong><em>ωοέκέας</em></strong></span> <span class='ocrx_word' id='word_1_81' title='bbox 270 1337 326 1398; x_wconf 80' lang='grc' dir='ltr'><strong><em>κατ’</em></strong></span> <span class='ocrx_word' id='word_1_82' title='bbox 349 1332 447 1410; x_wconf 79' lang='grc' dir='ltr'><strong><em>υαοός</em></strong></span> <span class='ocrx_word' id='word_1_83' title='bbox 477 1335 551 1398; x_wconf 83' lang='grc' dir='ltr'><strong><em>α’ντέ</em></strong></span> <span class='ocrx_word' id='word_1_84' title='bbox 578 1335 687 1399; x_wconf 75' lang='grc' dir='ltr'><strong><em>οἰκιῶν</em></strong></span> <span class='ocrx_word' id='word_1_85' title='bbox 716 1331 913 1422; x_wconf 75' lang='grc' dir='ltr'><strong><em>εἰληφότων,</em></strong></span> <span class='ocrx_word' id='word_1_86' title='bbox 944 1341 999 1402; x_wconf 79' lang='grc' dir='ltr'><strong><em>κατ’</em></strong></span> <span class='ocrx_word' id='word_1_87' title='bbox 1018 1337 1135 1420; x_wconf 77' lang='grc' dir='ltr'><strong><em>α’ναμῐξ</em></strong></span> <span class='ocrx_word' id='word_1_88' title='bbox 1151 1339 1232 1406; x_wconf 73' lang='grc' dir='ltr'><strong><em>κατὰ</em></strong></span> 
     </span>
     <span class='ocr_line' id='line_1_12' title="bbox 141 1430 1232 1522; baseline 0.003 -22"><span class='ocrx_word' id='word_1_89' title='bbox 141 1439 255 1500; x_wconf 77' lang='grc' dir='ltr'><strong><em>πᾶσαν</em></strong></span> <span class='ocrx_word' id='word_1_90' title='bbox 274 1431 330 1518; x_wconf 74' lang='grc' dir='ltr'><strong>την</strong></span> <span class='ocrx_word' id='word_1_91' title='bbox 348 1433 440 1518; x_wconf 86' lang='grc' dir='ltr'><strong><em>πόλιν</em></strong></span> <span class='ocrx_word' id='word_1_92' title='bbox 460 1430 623 1515; x_wconf 83' lang='grc' dir='ltr'><strong><em>λαχόντων</em></strong></span> <span class='ocrx_word' id='word_1_93' title='bbox 643 1432 703 1518; x_wconf 74' lang='grc' dir='ltr'><strong>τὴν</strong></span> <span class='ocrx_word' id='word_1_94' title='bbox 720 1433 860 1518; x_wconf 79' lang='grc' dir='ltr'><strong><em>οὔτησιυ,</em></strong></span> <span class='ocrx_word' id='word_1_95' title='bbox 887 1435 905 1520; x_wconf 77' lang='grc' dir='ltr'><strong><em>ἡ</em></strong></span> <span class='ocrx_word' id='word_1_96' title='bbox 927 1434 1017 1512; x_wconf 82' lang='grc' dir='ltr'><strong><em>πόλις</em></strong></span> <span class='ocrx_word' id='word_1_97' title='bbox 1038 1433 1140 1522; x_wconf 71' lang='grc' dir='ltr'><strong><em>οἵσπερ</em></strong></span> <span class='ocrx_word' id='word_1_98' title='bbox 1162 1442 1232 1503; x_wconf 81' lang='grc' dir='ltr'><strong><em>τινό</em></strong></span> 
     </span>
     <span class='ocr_line' id='line_1_13' title="bbox 139 1529 1234 1622; baseline 0.002 -22"><span class='ocrx_word' id='word_1_99' title='bbox 139 1531 288 1618; x_wconf 76' lang='grc' dir='ltr'><strong><em>πευθηρη</em></strong></span> <span class='ocrx_word' id='word_1_100' title='bbox 305 1533 425 1615; x_wconf 78' lang='grc' dir='ltr'><strong><em>χιτῶνα</em></strong></span> <span class='ocrx_word' id='word_1_101' title='bbox 439 1529 495 1616; x_wconf 74' lang='grc' dir='ltr'><strong>τὴν</strong></span> <span class='ocrx_word' id='word_1_102' title='bbox 509 1532 664 1613; x_wconf 82' lang='grc' dir='ltr'><strong><em>α’κοσμιόιν</em></strong></span> <span class='ocrx_word' id='word_1_103' title='bbox 675 1529 886 1616; x_wconf 87' lang='grc' dir='ltr'><strong><em>περιεβάλετο,</em></strong></span> <span class='ocrx_word' id='word_1_104' title='bbox 907 1537 962 1618; x_wconf 72' lang='grc' dir='ltr'><strong>τῆς</strong></span> <span class='ocrx_word' id='word_1_105' title='bbox 983 1535 1182 1620; x_wconf 72' lang='grc' dir='ltr'><strong><em>εὐπρεπείας,</em></strong></span> <span class='ocrx_word' id='word_1_106' title='bbox 1194 1529 1234 1622; x_wconf 74' lang='grc' dir='ltr'><strong>ἧς</strong></span> 
     </span>
     <span class='ocr_line' id='line_1_14' title="bbox 137 1627 1234 1722; baseline 0.002 -24"><span class='ocrx_word' id='word_1_107' title='bbox 137 1627 179 1698; x_wconf 79' lang='grc' dir='ltr'><strong>όν</strong></span> <span class='ocrx_word' id='word_1_108' title='bbox 191 1631 290 1716; x_wconf 80' lang='grc' dir='ltr'><strong><em>ἔτυχε</em></strong></span> <span class='ocrx_word' id='word_1_109' title='bbox 303 1637 358 1716; x_wconf 75' lang='grc' dir='ltr'><strong>τῆς</strong></span> <span class='ocrx_word' id='word_1_110' title='bbox 378 1634 475 1714; x_wconf 79' lang='grc' dir='ltr'><strong><em>κακῆς</em></strong></span> <span class='ocrx_word' id='word_1_111' title='bbox 487 1633 670 1714; x_wconf 73' lang='grc' dir='ltr'><strong><em>συμβουλῆς</em></strong></span> <span class='ocrx_word' id='word_1_112' title='bbox 680 1631 727 1715; x_wconf 77' lang='grc' dir='ltr'><strong>μὴ</strong></span> <span class='ocrx_word' id='word_1_113' title='bbox 739 1629 850 1717; x_wconf 75' lang='grc' dir='ltr'><strong><em>χώραν</em></strong></span> <span class='ocrx_word' id='word_1_114' title='bbox 861 1629 1023 1717; x_wconf 80' lang='grc' dir='ltr'><strong><em>εόροόσης,</em></strong></span> <span class='ocrx_word' id='word_1_115' title='bbox 1037 1638 1234 1722; x_wconf 78' lang='grc' dir='ltr'><strong><em>α’φηρημένη,</em></strong></span> 
     </span>
     <span class='ocr_line' id='line_1_15' title="bbox 137 1725 1234 1818; baseline 0.003 -20"><span class='ocrx_word' id='word_1_116' title='bbox 137 1733 194 1798; x_wconf 71' lang='grc' dir='ltr'><strong><em>κατ’</em></strong></span> <span class='ocrx_word' id='word_1_117' title='bbox 215 1731 275 1798; x_wconf 84' lang='grc' dir='ltr'><strong>τόν</strong></span> <span class='ocrx_word' id='word_1_118' title='bbox 286 1726 466 1813; x_wconf 88' lang='grc' dir='ltr'><strong><em>στολισμόν,</em></strong></span> <span class='ocrx_word' id='word_1_119' title='bbox 482 1727 519 1794; x_wconf 83' lang='grc' dir='ltr'><strong>όν</strong></span> <span class='ocrx_word' id='word_1_120' title='bbox 532 1729 589 1794; x_wconf 83' lang='grc' dir='ltr'><strong>οόκ</strong></span> <span class='ocrx_word' id='word_1_121' title='bbox 603 1733 649 1809; x_wconf 76' lang='grc' dir='ltr'><strong><em>εἰς</em></strong></span> <span class='ocrx_word' id='word_1_122' title='bbox 660 1730 789 1813; x_wconf 83' lang='grc' dir='ltr'><strong><em>μακρόν</em></strong></span> <span class='ocrx_word' id='word_1_123' title='bbox 808 1729 901 1814; x_wconf 81' lang='grc' dir='ltr'><strong><em>ἔσχεν</em></strong></span> <span class='ocrx_word' id='word_1_124' title='bbox 917 1725 964 1814; x_wconf 72' lang='grc' dir='ltr'><strong>ἄν,</strong></span> <span class='ocrx_word' id='word_1_125' title='bbox 977 1735 1141 1816; x_wconf 73' lang='grc' dir='ltr'><strong><em>δυστυχῶς</em></strong></span> <span class='ocrx_word' id='word_1_126' title='bbox 1154 1728 1234 1818; x_wconf 72' lang='grc' dir='ltr'><strong><em>ἄγαν</em></strong></span> 
     </span>
     <span class='ocr_line' id='line_1_16' title="bbox 90 1821 1235 1916; baseline 0.002 -20"><span class='ocrx_word' id='word_1_127' title='bbox 90 1832 363 1914; x_wconf 68' lang='grc' dir='ltr'><strong><em>ιὸιῖποβαλοόσα,</em></strong></span> <span class='ocrx_word' id='word_1_128' title='bbox 385 1832 442 1896; x_wconf 71' lang='grc' dir='ltr'><strong><em>κατ’</em></strong></span> <span class='ocrx_word' id='word_1_129' title='bbox 461 1831 615 1894; x_wconf 85' lang='grc' dir='ltr'><strong><em>στένουσα</em></strong></span> <span class='ocrx_word' id='word_1_130' title='bbox 636 1821 702 1894; x_wconf 77' lang='grc' dir='ltr'><strong><em>οἷον</em></strong></span> <span class='ocrx_word' id='word_1_131' title='bbox 719 1832 791 1910; x_wconf 88' lang='grc' dir='ltr'><strong><em>μετ’</em></strong></span> <span class='ocrx_word' id='word_1_132' title='bbox 811 1832 948 1914; x_wconf 77' lang='grc' dir='ltr'><strong><em>οἰμωγῆς</em></strong></span> <span class='ocrx_word' id='word_1_133' title='bbox 970 1825 1021 1896; x_wconf 84' lang='grc' dir='ltr'><strong>ότι</strong></span> <span class='ocrx_word' id='word_1_134' title='bbox 1039 1831 1084 1916; x_wconf 76' lang='grc' dir='ltr'><strong>μη</strong></span> <span class='ocrx_word' id='word_1_135' title='bbox 1104 1835 1235 1914; x_wconf 84' lang='grc' dir='ltr'><strong><em>σεισμὸς</em></strong></span> 
     </span>
     <span class='ocr_line' id='line_1_17' title="bbox 135 1922 1234 2017; baseline 0.002 -21"><span class='ocrx_word' id='word_1_136' title='bbox 135 1928 264 2016; x_wconf 75' lang='grc' dir='ltr'><strong><em>ταύτην</em></strong></span> <span class='ocrx_word' id='word_1_137' title='bbox 293 1931 473 2011; x_wconf 83' lang='grc' dir='ltr'><strong><em>συνέχωσεν</em></strong></span> <span class='ocrx_word' id='word_1_138' title='bbox 500 1922 523 2010; x_wconf 77' lang='grc' dir='ltr'><em>ἢ</em></span> <span class='ocrx_word' id='word_1_139' title='bbox 543 1931 607 2010; x_wconf 81' lang='grc' dir='ltr'><strong>πῦῥ</strong></span> <span class='ocrx_word' id='word_1_140' title='bbox 635 1925 865 2012; x_wconf 85' lang='grc' dir='ltr'><strong><em>παρανόλωοτν</em></strong></span> <span class='ocrx_word' id='word_1_141' title='bbox 884 1923 905 2014; x_wconf 75' lang='grc' dir='ltr'><strong><em>ἢ</em></strong></span> <span class='ocrx_word' id='word_1_142' title='bbox 925 1923 1013 2012; x_wconf 73' lang='grc' dir='ltr'><strong><em>ὕδωρ</em></strong></span> <span class='ocrx_word' id='word_1_143' title='bbox 1035 1927 1234 2017; x_wconf 66' lang='lat' dir='ltr'><strong>ciendo-lissi</strong></span> 
     </span>
     <span class='ocr_line' id='line_1_18' title="bbox 138 2025 1233 2117; baseline 0.002 -23"><span class='ocrx_word' id='word_1_144' title='bbox 138 2031 316 2117; x_wconf 71' lang='lat' dir='ltr'><strong>reptibiles</strong></span> <span class='ocrx_word' id='word_1_145' title='bbox 330 2027 425 2113; x_wconf 79' lang='grc' dir='ltr'><strong><em>ῥαγὲν</em></strong></span> <span class='ocrx_word' id='word_1_146' title='bbox 440 2025 641 2108; x_wconf 78' lang='grc' dir='ltr'><strong><em>συνεκάλυψε</em></strong></span> <span class='ocrx_word' id='word_1_147' title='bbox 655 2029 710 2091; x_wconf 87' lang='grc' dir='ltr'><strong><em>καί</em></strong></span> <span class='ocrx_word' id='word_1_148' title='bbox 728 2030 912 2094; x_wconf 83' lang='grc' dir='ltr'><strong><em>κατέκλυσε·</em></strong></span> <span class='ocrx_word' id='word_1_149' title='bbox 953 2035 1043 2096; x_wconf 79' lang='grc' dir='ltr'><strong><em>τοῦτο</em></strong></span> <span class='ocrx_word' id='word_1_150' title='bbox 1070 2031 1132 2116; x_wconf 81' lang='grc' dir='ltr'><strong>γάρ</strong></span> <span class='ocrx_word' id='word_1_151' title='bbox 1160 2035 1233 2098; x_wconf 78' lang='lat' dir='ltr'><strong>cise-</strong></span> 
     </span>
     <span class='ocr_line' id='line_1_19' title="bbox 139 2123 1233 2216; baseline 0.004 -22"><span class='ocrx_word' id='word_1_152' title='bbox 139 2127 298 2212; x_wconf 89' lang='grc' dir='ltr'><strong><em>κτότερον,</em></strong></span> <span class='ocrx_word' id='word_1_153' title='bbox 321 2128 392 2190; x_wconf 73' lang='grc' dir='ltr'><strong><em>ἐπεὶ</em></strong></span> <span class='ocrx_word' id='word_1_154' title='bbox 411 2129 516 2209; x_wconf 77' lang='grc' dir='ltr'><strong><em>τοίγε</em></strong></span> <span class='ocrx_word' id='word_1_155' title='bbox 539 2128 661 2208; x_wconf 86' lang='grc' dir='ltr'><strong><em>βέλτιον</em></strong></span> <span class='ocrx_word' id='word_1_156' title='bbox 686 2127 744 2191; x_wconf 76' lang='grc' dir='ltr'><strong>τοῦ</strong></span> <span class='ocrx_word' id='word_1_157' title='bbox 769 2125 917 2212; x_wconf 77' lang='grc' dir='ltr'><strong><em>τοιαύτην</em></strong></span> <span class='ocrx_word' id='word_1_158' title='bbox 936 2123 1076 2212; x_wconf 81' lang='grc' dir='ltr'><strong><em>όρᾶσθοι</em></strong></span> <span class='ocrx_word' id='word_1_159' title='bbox 1106 2127 1141 2196; x_wconf 83' lang='grc' dir='ltr'><strong>τό</strong></span> <span class='ocrx_word' id='word_1_160' title='bbox 1159 2133 1233 2216; x_wconf 72' lang='grc' dir='ltr'><strong>μηδ’</strong></span> 
     </span>
     <span class='ocr_line' id='line_1_20' title="bbox 138 2219 1234 2312; baseline 0.004 -20"><span class='ocrx_word' id='word_1_161' title='bbox 138 2227 289 2292; x_wconf 73' lang='lat' dir='ltr'><strong>damnosis</strong></span> <span class='ocrx_word' id='word_1_162' title='bbox 308 2225 364 2291; x_wconf 83' lang='grc' dir='ltr'><strong>ἐπέ</strong></span> <span class='ocrx_word' id='word_1_163' title='bbox 380 2228 437 2310; x_wconf 78' lang='grc' dir='ltr'><strong>γῆς</strong></span> <span class='ocrx_word' id='word_1_164' title='bbox 463 2221 602 2290; x_wconf 83' lang='grc' dir='ltr'><strong><em>έστόναι.</em></strong></span> <span class='ocrx_word' id='word_1_165' title='bbox 658 2222 768 2308; x_wconf 77' lang='grc' dir='ltr'><strong><em>οἱμὲν</em></strong></span> <span class='ocrx_word' id='word_1_166' title='bbox 790 2219 846 2290; x_wconf 73' lang='grc' dir='ltr'><strong><em>οὖν</em></strong></span> <span class='ocrx_word' id='word_1_167' title='bbox 878 2229 941 2292; x_wconf 79' lang='grc' dir='ltr'><strong>τῶν</strong></span> <span class='ocrx_word' id='word_1_168' title='bbox 960 2224 1053 2312; x_wconf 73' lang='grc' dir='ltr'><strong><em>ἱεράν</em></strong></span> <span class='ocrx_word' id='word_1_169' title='bbox 1076 2226 1168 2295; x_wconf 81' lang='grc' dir='ltr'><strong><em>οἴκων</em></strong></span> <span class='ocrx_word' id='word_1_170' title='bbox 1188 2232 1234 2305; x_wconf 79' lang='grc' dir='ltr'><strong><em>εἰς</em></strong></span> 
     </span>
     <span class='ocr_line' id='line_1_21' title="bbox 89 2320 1231 2410; baseline -0.001 -16"><span class='ocrx_word' id='word_1_171' title='bbox 89 2352 130 2394; x_wconf 86' lang='lat' dir='ltr'><strong>no</strong></span> <span class='ocrx_word' id='word_1_172' title='bbox 139 2327 230 2392; x_wconf 76' lang='lat' dir='ltr'><strong>soced</strong></span> <span class='ocrx_word' id='word_1_173' title='bbox 251 2321 434 2407; x_wconf 81' lang='grc' dir='ltr'><strong><em>καταγάγια</em></strong></span> <span class='ocrx_word' id='word_1_174' title='bbox 462 2327 753 2408; x_wconf 82' lang='grc' dir='ltr'><strong><em>μετημεέφθεισαν,</em></strong></span> <span class='ocrx_word' id='word_1_175' title='bbox 775 2320 879 2410; x_wconf 80' lang='grc' dir='ltr'><strong><em>οόσπερ</em></strong></span> <span class='ocrx_word' id='word_1_176' title='bbox 902 2323 1100 2409; x_wconf 79' lang='grc' dir='ltr'><strong><em>εἰρήκειμεν,</em></strong></span> <span class='ocrx_word' id='word_1_177' title='bbox 1120 2330 1177 2393; x_wconf 72' lang='grc' dir='ltr'><strong><em>κατ’</em></strong></span> <span class='ocrx_word' id='word_1_178' title='bbox 1195 2329 1231 2392; x_wconf 89' lang='grc' dir='ltr'><strong>τό</strong></span> 
     </span>
     <span class='ocr_line' id='line_1_22' title="bbox 137 2421 1232 2512; baseline 0.002 -22"><span class='ocrx_word' id='word_1_179' title='bbox 137 2424 335 2510; x_wconf 78' lang='grc' dir='ltr'><strong><em>προφητικὸν</em></strong></span> <span class='ocrx_word' id='word_1_180' title='bbox 356 2424 464 2505; x_wconf 82' lang='grc' dir='ltr'><strong><em>εἰπεῖν,</em></strong></span> <span class='ocrx_word' id='word_1_181' title='bbox 485 2425 520 2488; x_wconf 84' lang='grc' dir='ltr'><strong><em>έν</em></strong></span> <span class='ocrx_word' id='word_1_182' title='bbox 535 2426 659 2488; x_wconf 86' lang='grc' dir='ltr'><strong><em>πελέκει</em></strong></span> <span class='ocrx_word' id='word_1_183' title='bbox 672 2421 727 2488; x_wconf 68' lang='grc' dir='ltr'><strong><em>κατ’</em></strong></span> <span class='ocrx_word' id='word_1_184' title='bbox 741 2425 933 2512; x_wconf 81' lang='grc' dir='ltr'><strong><em>λαξευτηρέφ</em></strong></span> <span class='ocrx_word' id='word_1_185' title='bbox 952 2421 992 2488; x_wconf 84' lang='grc' dir='ltr'><strong>τά</strong></span> <span class='ocrx_word' id='word_1_186' title='bbox 1016 2425 1232 2510; x_wconf 79' lang='grc' dir='ltr'><strong><em>θυσιαστήρια</em></strong></span> 
     </span>
     <span class='ocr_line' id='line_1_23' title="bbox 136 2519 1231 2608; baseline 0 -18"><span class='ocrx_word' id='word_1_187' title='bbox 136 2529 194 2590; x_wconf 80' lang='grc' dir='ltr'><strong>τοῦ</strong></span> <span class='ocrx_word' id='word_1_188' title='bbox 215 2529 298 2591; x_wconf 77' lang='grc' dir='ltr'><strong><em>θεοῦ</em></strong></span> <span class='ocrx_word' id='word_1_189' title='bbox 328 2527 579 2608; x_wconf 88' lang='grc' dir='ltr'><strong><em>καταβέβληντο·</em></strong></span> <span class='ocrx_word' id='word_1_190' title='bbox 628 2519 659 2586; x_wconf 85' lang='grc' dir='ltr'><strong><em>οἱ</em></strong></span> <span class='ocrx_word' id='word_1_191' title='bbox 688 2525 725 2590; x_wconf 78' lang='grc' dir='ltr'><strong><em>δέ</em></strong></span> <span class='ocrx_word' id='word_1_192' title='bbox 745 2521 882 2604; x_wconf 78' lang='grc' dir='ltr'><strong><em>λείψανα</em></strong></span> <span class='ocrx_word' id='word_1_193' title='bbox 909 2523 1005 2604; x_wconf 90' lang='grc' dir='ltr'><strong><em>μόνον</em></strong></span> <span class='ocrx_word' id='word_1_194' title='bbox 1025 2526 1084 2590; x_wconf 74' lang='grc' dir='ltr'><strong>τοῦ</strong></span> <span class='ocrx_word' id='word_1_195' title='bbox 1105 2523 1231 2608; x_wconf 79' lang='grc' dir='ltr'><strong><em>πρώτου</em></strong></span> 
     </span>
     <span class='ocr_line' id='line_1_24' title="bbox 136 2619 1233 2708; baseline 0.004 -21"><span class='ocrx_word' id='word_1_196' title='bbox 136 2625 274 2699; x_wconf 83' lang='grc' dir='ltr'><strong><em>κάλλους</em></strong></span> <span class='ocrx_word' id='word_1_197' title='bbox 307 2621 487 2702; x_wconf 73' lang='grc' dir='ltr'><strong><em>αὐτῶνκαὶ</em></strong></span> <span class='ocrx_word' id='word_1_198' title='bbox 511 2626 568 2708; x_wconf 77' lang='grc' dir='ltr'><strong>τῆς</strong></span> <span class='ocrx_word' id='word_1_199' title='bbox 589 2625 710 2700; x_wconf 86' lang='grc' dir='ltr'><strong><em>θέσεως</em></strong></span> <span class='ocrx_word' id='word_1_200' title='bbox 739 2621 970 2703; x_wconf 83' lang='grc' dir='ltr'><strong><em>όπυσιόζουοιν.</em></strong></span> <span class='ocrx_word' id='word_1_201' title='bbox 1011 2619 1089 2690; x_wconf 86' lang='grc' dir='ltr'><strong><em>ένιοι</em></strong></span> <span class='ocrx_word' id='word_1_202' title='bbox 1111 2627 1156 2708; x_wconf 84' lang='grc' dir='ltr'><strong><em>όέ,</em></strong></span> <span class='ocrx_word' id='word_1_203' title='bbox 1177 2627 1233 2692; x_wconf 79' lang='grc' dir='ltr'><strong><em>καί</em></strong></span> 
     </span>
    </p>
   </div>
   <div class='ocr_carea' id='block_1_4' title="bbox 135 2831 1271 4252">
    <p class='ocr_par' dir='ltr' id='par_1_4' title="bbox 136 2831 1229 3331">
     <span class='ocr_line' id='line_1_25' title="bbox 138 2831 1229 2906; baseline -0.001 -17"><span class='ocrx_word' id='word_1_204' title='bbox 138 2838 239 2898; x_wconf 85' lang='lat' dir='ltr'><strong>luerat,</strong></span> <span class='ocrx_word' id='word_1_205' title='bbox 258 2833 429 2885; x_wconf 82' lang='lat' dir='ltr'><strong>dediderunt.</strong></span> <span class='ocrx_word' id='word_1_206' title='bbox 467 2831 546 2885; x_wconf 89' lang='lat' dir='ltr'><strong>ambo</strong></span> <span class='ocrx_word' id='word_1_207' title='bbox 565 2833 632 2886; x_wconf 87' lang='lat' dir='ltr'><strong>haec</strong></span> <span class='ocrx_word' id='word_1_208' title='bbox 650 2834 753 2906; x_wconf 85' lang='lat' dir='ltr'><strong>itaque,</strong></span> <span class='ocrx_word' id='word_1_209' title='bbox 771 2844 803 2888; x_wconf 87' lang='lat' dir='ltr'><strong>nt</strong></span> <span class='ocrx_word' id='word_1_210' title='bbox 820 2835 927 2904; x_wconf 78' lang='lat' dir='ltr'><strong>opinor,</strong></span> <span class='ocrx_word' id='word_1_211' title='bbox 947 2833 1065 2886; x_wconf 83' lang='lat' dir='ltr'><strong>Muratcs</strong></span> <span class='ocrx_word' id='word_1_212' title='bbox 1083 2832 1229 2890; x_wconf 86' lang='lat' dir='ltr'><strong>meditatus</strong></span> 
     </span>
     <span class='ocr_line' id='line_1_26' title="bbox 138 2903 1228 2972; baseline -0.003 -11"><span class='ocrx_word' id='word_1_213' title='bbox 138 2917 181 2961; x_wconf 88' lang='lat' dir='ltr'><strong>est</strong></span> <span class='ocrx_word' id='word_1_214' title='bbox 201 2915 231 2958; x_wconf 90' lang='lat' dir='ltr'><strong>et</strong></span> <span class='ocrx_word' id='word_1_215' title='bbox 247 2904 286 2956; x_wconf 87' lang='lat' dir='ltr'><strong>ita</strong></span> <span class='ocrx_word' id='word_1_216' title='bbox 303 2903 362 2955; x_wconf 85' lang='lat' dir='ltr'><strong>lieri</strong></span> <span class='ocrx_word' id='word_1_217' title='bbox 382 2903 466 2966; x_wconf 88' lang='lat' dir='ltr'><strong>iussit,</strong></span> <span class='ocrx_word' id='word_1_218' title='bbox 484 2912 541 2955; x_wconf 91' lang='lat' dir='ltr'><strong>tum</strong></span> <span class='ocrx_word' id='word_1_219' title='bbox 559 2913 591 2956; x_wconf 87' lang='lat' dir='ltr'><strong>ut</strong></span> <span class='ocrx_word' id='word_1_220' title='bbox 607 2907 751 2956; x_wconf 75' lang='lat' dir='ltr'>securitate</span> <span class='ocrx_word' id='word_1_221' title='bbox 771 2913 798 2956; x_wconf 93' lang='lat' dir='ltr'><strong>et</strong></span> <span class='ocrx_word' id='word_1_222' title='bbox 819 2905 940 2956; x_wconf 83' lang='lat' dir='ltr'><strong>custodia</strong></span> <span class='ocrx_word' id='word_1_223' title='bbox 960 2907 1041 2972; x_wconf 76' lang='lat' dir='ltr'><strong>magis</strong></span> <span class='ocrx_word' id='word_1_224' title='bbox 1060 2903 1114 2956; x_wconf 86' lang='lat' dir='ltr'><strong>fida</strong></span> <span class='ocrx_word' id='word_1_225' title='bbox 1135 2905 1228 2958; x_wconf 88' lang='lat' dir='ltr'><strong>urbem</strong></span> 
     </span>
     <span class='ocr_line' id='line_1_27' title="bbox 136 2974 1229 3046; baseline -0.003 -15"><span class='ocrx_word' id='word_1_226' title='bbox 136 2975 318 3030; x_wconf 88' lang='lat' dir='ltr'><strong>communiret</strong></span> <span class='ocrx_word' id='word_1_227' title='bbox 336 2975 496 3026; x_wconf 79' lang='lat' dir='ltr'><strong>maritimam</strong></span> <span class='ocrx_word' id='word_1_228' title='bbox 516 2974 635 3046; x_wconf 86' lang='lat' dir='ltr'><strong>ideoque</strong></span> <span class='ocrx_word' id='word_1_229' title='bbox 655 2974 748 3026; x_wconf 90' lang='lat' dir='ltr'><strong>multis</strong></span> <span class='ocrx_word' id='word_1_230' title='bbox 777 2983 900 3042; x_wconf 79' lang='lat' dir='ltr'><strong>egentem</strong></span> <span class='ocrx_word' id='word_1_231' title='bbox 924 2975 1143 3038; x_wconf 86' lang='lat' dir='ltr'><strong>habitatoribus,</strong></span> <span class='ocrx_word' id='word_1_232' title='bbox 1172 2985 1229 3028; x_wconf 88' lang='lat' dir='ltr'><strong>tum</strong></span> 
     </span>
     <span class='ocr_line' id='line_1_28' title="bbox 136 3043 1228 3115; baseline -0.005 -12"><span class='ocrx_word' id='word_1_233' title='bbox 136 3057 170 3102; x_wconf 86' lang='lat' dir='ltr'><strong>nt</strong></span> <span class='ocrx_word' id='word_1_234' title='bbox 187 3049 249 3102; x_wconf 81' lang='lat' dir='ltr'><strong>soro</strong></span> <span class='ocrx_word' id='word_1_235' title='bbox 267 3045 388 3097; x_wconf 87' lang='lat' dir='ltr'><strong>omnium</strong></span> <span class='ocrx_word' id='word_1_236' title='bbox 407 3060 494 3096; x_wconf 86' lang='lat' dir='ltr'><strong>rernm</strong></span> <span class='ocrx_word' id='word_1_237' title='bbox 512 3044 678 3097; x_wconf 87' lang='lat' dir='ltr'><strong>abundantia</strong></span> <span class='ocrx_word' id='word_1_238' title='bbox 697 3045 911 3108; x_wconf 84' lang='lat' dir='ltr'><strong>circumfluenti,</strong></span> <span class='ocrx_word' id='word_1_239' title='bbox 930 3045 1070 3096; x_wconf 79' lang='lat' dir='ltr'><strong>venalibus</strong></span> <span class='ocrx_word' id='word_1_240' title='bbox 1085 3043 1228 3115; x_wconf 87' lang='lat' dir='ltr'><strong>undequa-</strong></span> 
     </span>
     <span class='ocr_line' id='line_1_29' title="bbox 136 3114 1228 3190; baseline -0.002 -20"><span class='ocrx_word' id='word_1_241' title='bbox 136 3136 192 3190; x_wconf 86' lang='lat' dir='ltr'><strong>que</strong></span> <span class='ocrx_word' id='word_1_242' title='bbox 208 3116 361 3178; x_wconf 80' lang='lat' dir='ltr'><strong>convectis,</strong></span> <span class='ocrx_word' id='word_1_243' title='bbox 380 3133 472 3168; x_wconf 90' lang='lat' dir='ltr'><strong>omnes</strong></span> <span class='ocrx_word' id='word_1_244' title='bbox 489 3115 553 3167; x_wconf 90' lang='lat' dir='ltr'><strong>urbs</strong></span> <span class='ocrx_word' id='word_1_245' title='bbox 571 3116 606 3168; x_wconf 86' lang='lat' dir='ltr'><strong>ad</strong></span> <span class='ocrx_word' id='word_1_246' title='bbox 631 3133 661 3168; x_wconf 85' lang='lat' dir='ltr'><strong>se</strong></span> <span class='ocrx_word' id='word_1_247' title='bbox 679 3114 808 3178; x_wconf 84' lang='lat' dir='ltr'><strong>traheret,</strong></span> <span class='ocrx_word' id='word_1_248' title='bbox 828 3125 856 3168; x_wconf 89' lang='lat' dir='ltr'><strong>et</strong></span> <span class='ocrx_word' id='word_1_249' title='bbox 873 3117 1030 3168; x_wconf 80' lang='lat' dir='ltr'><strong>mercaturis</strong></span> <span class='ocrx_word' id='word_1_250' title='bbox 1048 3118 1228 3168; x_wconf 82' lang='lat' dir='ltr'><strong>commerciis-</strong></span> 
     </span>
     <span class='ocr_line' id='line_1_30' title="bbox 136 3185 1227 3260; baseline -0.003 -18"><span class='ocrx_word' id='word_1_251' title='bbox 136 3207 192 3260; x_wconf 87' lang='lat' dir='ltr'><strong>que</strong></span> <span class='ocrx_word' id='word_1_252' title='bbox 213 3188 331 3240; x_wconf 68' lang='lat' dir='ltr'><strong>(lirense</strong></span> <span class='ocrx_word' id='word_1_253' title='bbox 355 3188 480 3240; x_wconf 86' lang='lat' dir='ltr'><strong>nationes</strong></span> <span class='ocrx_word' id='word_1_254' title='bbox 505 3185 661 3256; x_wconf 71' lang='lat' dir='ltr'><strong>indigenter</strong></span> <span class='ocrx_word' id='word_1_255' title='bbox 687 3189 862 3240; x_wconf 76' lang='lat' dir='ltr'><strong>commiscens</strong></span> <span class='ocrx_word' id='word_1_256' title='bbox 885 3199 919 3238; x_wconf 77' lang='lat' dir='ltr'><strong>es</strong></span> <span class='ocrx_word' id='word_1_257' title='bbox 936 3185 1012 3238; x_wconf 89' lang='lat' dir='ltr'><strong>laeili</strong></span> <span class='ocrx_word' id='word_1_258' title='bbox 1029 3187 1087 3256; x_wconf 87' lang='lat' dir='ltr'><strong>ipsa</strong></span> <span class='ocrx_word' id='word_1_259' title='bbox 1107 3187 1227 3240; x_wconf 88' lang='lat' dir='ltr'><strong>collocu-</strong></span> 
     </span>
     <span class='ocr_line' id='line_1_31' title="bbox 136 3259 413 3331; baseline -0.011 -19"><span class='ocrx_word' id='word_1_260' title='bbox 136 3261 242 3331; x_wconf 81' lang='lat' dir='ltr'><strong>pletata</strong></span> <span class='ocrx_word' id='word_1_261' title='bbox 260 3259 413 3311; x_wconf 86' lang='lat' dir='ltr'><strong>ditesceret.</strong></span> 
     </span>
    </p>

    <p class='ocr_par' dir='ltr' id='par_1_5' title="bbox 135 3325 1271 4252">
     <span class='ocr_line' id='line_1_32' title="bbox 206 3325 1224 3398; baseline -0.003 -16"><span class='ocrx_word' id='word_1_262' title='bbox 206 3347 253 3382; x_wconf 86' lang='lat' dir='ltr'><strong>ar.</strong></span> <span class='ocrx_word' id='word_1_263' title='bbox 287 3329 336 3382; x_wconf 87' lang='lat' dir='ltr'><strong>llis</strong></span> <span class='ocrx_word' id='word_1_264' title='bbox 355 3330 449 3398; x_wconf 84' lang='lat' dir='ltr'><strong>itaque</strong></span> <span class='ocrx_word' id='word_1_265' title='bbox 477 3325 530 3378; x_wconf 85' lang='lat' dir='ltr'><strong>hoc</strong></span> <span class='ocrx_word' id='word_1_266' title='bbox 559 3325 641 3379; x_wconf 89' lang='lat' dir='ltr'><strong>modo</strong></span> <span class='ocrx_word' id='word_1_267' title='bbox 667 3327 794 3396; x_wconf 82' lang='lat' dir='ltr'><strong>digestis,</strong></span> <span class='ocrx_word' id='word_1_268' title='bbox 819 3343 880 3379; x_wconf 90' lang='lat' dir='ltr'><strong>cnm</strong></span> <span class='ocrx_word' id='word_1_269' title='bbox 897 3325 999 3378; x_wconf 79' lang='lat' dir='ltr'><strong>Tuscae</strong></span> <span class='ocrx_word' id='word_1_270' title='bbox 1018 3325 1094 3379; x_wconf 87' lang='lat' dir='ltr'><strong>mille</strong></span> <span class='ocrx_word' id='word_1_271' title='bbox 1111 3345 1224 3380; x_wconf 88' lang='lat' dir='ltr'><strong>numero</strong></span> 
     </span>
     <span class='ocr_line' id='line_1_33' title="bbox 136 3397 1225 3469; baseline -0.002 -17"><span class='ocrx_word' id='word_1_272' title='bbox 136 3401 276 3454; x_wconf 83' lang='lat' dir='ltr'><strong>civitatem</strong></span> <span class='ocrx_word' id='word_1_273' title='bbox 309 3405 486 3469; x_wconf 89' lang='lat' dir='ltr'><strong>occupassent</strong></span> <span class='ocrx_word' id='word_1_274' title='bbox 517 3405 548 3452; x_wconf 86' lang='lat' dir='ltr'><strong>et</strong></span> <span class='ocrx_word' id='word_1_275' title='bbox 580 3398 700 3450; x_wconf 90' lang='lat' dir='ltr'><strong>omnium</strong></span> <span class='ocrx_word' id='word_1_276' title='bbox 726 3397 820 3450; x_wconf 88' lang='lat' dir='ltr'><strong>domos</strong></span> <span class='ocrx_word' id='word_1_277' title='bbox 848 3415 879 3450; x_wconf 87' lang='lat' dir='ltr'><strong>ac</strong></span> <span class='ocrx_word' id='word_1_278' title='bbox 904 3399 1006 3467; x_wconf 87' lang='lat' dir='ltr'><strong>templa</strong></span> <span class='ocrx_word' id='word_1_279' title='bbox 1033 3414 1082 3468; x_wconf 94' lang='lat' dir='ltr'><strong>pro</strong></span> <span class='ocrx_word' id='word_1_280' title='bbox 1115 3397 1225 3450; x_wconf 88' lang='lat' dir='ltr'><strong>habita-</strong></span> 
     </span>
     <span class='ocr_line' id='line_1_34' title="bbox 135 3467 1222 3590; baseline -0.004 -66"><span class='ocrx_word' id='word_1_281' title='bbox 135 3474 214 3526; x_wconf 84' lang='lat' dir='ltr'><strong>tione</strong></span> <span class='ocrx_word' id='word_1_282' title='bbox 234 3471 412 3540; x_wconf 75' lang='lat' dir='ltr'><strong>accepissent,</strong></span> <span class='ocrx_word' id='word_1_283' title='bbox 438 3485 489 3519; x_wconf 90' lang='lat' dir='ltr'><strong>nec</strong></span> <span class='ocrx_word' id='word_1_284' title='bbox 511 3485 567 3520; x_wconf 90' lang='lat' dir='ltr'><strong>non</strong></span> <span class='ocrx_word' id='word_1_285' title='bbox 590 3470 741 3590; x_wconf 72' lang='lat' dir='ltr'><strong>promiscue</strong></span> <span class='ocrx_word' id='word_1_286' title='bbox 764 3486 813 3540; x_wconf 91' lang='lat' dir='ltr'><strong>per</strong></span> <span class='ocrx_word' id='word_1_287' title='bbox 835 3469 985 3520; x_wconf 80' lang='lat' dir='ltr'><strong>universam</strong></span> <span class='ocrx_word' id='word_1_288' title='bbox 1009 3467 1103 3522; x_wconf 87' lang='lat' dir='ltr'><strong>urbem</strong></span> <span class='ocrx_word' id='word_1_289' title='bbox 1131 3467 1222 3520; x_wconf 79' lang='lat' dir='ltr'><strong>sedem</strong></span> 
     </span>
     <span class='ocr_line' id='line_1_35' title="bbox 136 3539 1224 3609; baseline -0.002 -16"><span class='ocrx_word' id='word_1_290' title='bbox 136 3543 281 3604; x_wconf 82' lang='lat' dir='ltr'><strong>locassent,</strong></span> <span class='ocrx_word' id='word_1_291' title='bbox 300 3542 401 3604; x_wconf 79' lang='lat' dir='ltr'><strong>civitas,</strong></span> <span class='ocrx_word' id='word_1_292' title='bbox 419 3541 504 3592; x_wconf 79' lang='lat' dir='ltr'><strong>veluti</strong></span> <span class='ocrx_word' id='word_1_293' title='bbox 525 3539 590 3606; x_wconf 81' lang='lat' dir='ltr'><strong>lugu</strong></span> <span class='ocrx_word' id='word_1_294' title='bbox 611 3540 634 3591; x_wconf 85' lang='lat' dir='ltr'><strong>ri</strong></span> <span class='ocrx_word' id='word_1_295' title='bbox 648 3541 757 3602; x_wconf 83' lang='lat' dir='ltr'><strong>amictu,</strong></span> <span class='ocrx_word' id='word_1_296' title='bbox 777 3539 1033 3609; x_wconf 73' lang='lat' dir='ltr'><strong>confusionemque</strong></span> <span class='ocrx_word' id='word_1_297' title='bbox 1051 3539 1224 3592; x_wconf 86' lang='lat' dir='ltr'><strong>immunditia</strong></span> 
     </span>
     <span class='ocr_line' id='line_1_36' title="bbox 136 3609 1225 3680; baseline -0.002 -16"><span class='ocrx_word' id='word_1_298' title='bbox 136 3613 336 3664; x_wconf 72' lang='lat' dir='ltr'><strong>circumvestita</strong></span> <span class='ocrx_word' id='word_1_299' title='bbox 353 3621 410 3674; x_wconf 82' lang='lat' dir='ltr'><strong>est,</strong></span> <span class='ocrx_word' id='word_1_300' title='bbox 427 3627 478 3662; x_wconf 86' lang='lat' dir='ltr'><strong>suo</strong></span> <span class='ocrx_word' id='word_1_301' title='bbox 499 3609 615 3671; x_wconf 88' lang='lat' dir='ltr'><strong>decore,</strong></span> <span class='ocrx_word' id='word_1_302' title='bbox 642 3627 722 3680; x_wconf 83' lang='lat' dir='ltr'><strong>quem</strong></span> <span class='ocrx_word' id='word_1_303' title='bbox 739 3611 835 3680; x_wconf 88' lang='lat' dir='ltr'><strong>utique</strong></span> <span class='ocrx_word' id='word_1_304' title='bbox 854 3618 997 3662; x_wconf 85' lang='lat' dir='ltr'><strong>consecuta</strong></span> <span class='ocrx_word' id='word_1_305' title='bbox 1016 3609 1110 3662; x_wconf 82' lang='lat' dir='ltr'><strong>luisset</strong></span> <span class='ocrx_word' id='word_1_306' title='bbox 1127 3609 1150 3662; x_wconf 88' lang='lat' dir='ltr'><strong>ai</strong></span> <span class='ocrx_word' id='word_1_307' title='bbox 1168 3627 1225 3662; x_wconf 84' lang='lat' dir='ltr'><strong>ms·</strong></span> 
     </span>
     <span class='ocr_line' id='line_1_37' title="bbox 137 3680 1225 3750; baseline 0 -16"><span class='ocrx_word' id='word_1_308' title='bbox 137 3683 194 3734; x_wconf 89' lang='lat' dir='ltr'><strong>lum</strong></span> <span class='ocrx_word' id='word_1_309' title='bbox 213 3683 359 3736; x_wconf 86' lang='lat' dir='ltr'><strong>consilinm</strong></span> <span class='ocrx_word' id='word_1_310' title='bbox 380 3683 468 3734; x_wconf 89' lang='lat' dir='ltr'><strong>locum</strong></span> <span class='ocrx_word' id='word_1_311' title='bbox 488 3699 544 3734; x_wconf 93' lang='lat' dir='ltr'><strong>non</strong></span> <span class='ocrx_word' id='word_1_312' title='bbox 562 3680 715 3744; x_wconf 72' lang='lat' dir='ltr'><strong>habuisset,</strong></span> <span class='ocrx_word' id='word_1_313' title='bbox 741 3681 875 3750; x_wconf 88' lang='lat' dir='ltr'><strong>spoliata,</strong></span> <span class='ocrx_word' id='word_1_314' title='bbox 896 3690 924 3732; x_wconf 92' lang='lat' dir='ltr'><strong>et</strong></span> <span class='ocrx_word' id='word_1_315' title='bbox 942 3688 1047 3743; x_wconf 84' lang='lat' dir='ltr'><strong>ornatu,</strong></span> <span class='ocrx_word' id='word_1_316' title='bbox 1070 3697 1150 3749; x_wconf 84' lang='lat' dir='ltr'><strong>quern</strong></span> <span class='ocrx_word' id='word_1_317' title='bbox 1168 3697 1225 3736; x_wconf 89' lang='lat' dir='ltr'><strong>non</strong></span> 
     </span>
     <span class='ocr_line' id='line_1_38' title="bbox 137 3751 1225 3823; baseline -0.002 -17"><span class='ocrx_word' id='word_1_318' title='bbox 137 3755 225 3808; x_wconf 88' lang='lat' dir='ltr'><strong>multo</strong></span> <span class='ocrx_word' id='word_1_319' title='bbox 254 3762 318 3823; x_wconf 88' lang='lat' dir='ltr'><strong>post</strong></span> <span class='ocrx_word' id='word_1_320' title='bbox 334 3752 512 3821; x_wconf 81' lang='lat' dir='ltr'><strong>possedisset,</strong></span> <span class='ocrx_word' id='word_1_321' title='bbox 538 3751 645 3814; x_wconf 83' lang='lat' dir='ltr'><strong>orbata,</strong></span> <span class='ocrx_word' id='word_1_322' title='bbox 671 3760 700 3803; x_wconf 91' lang='lat' dir='ltr'><strong>et</strong></span> <span class='ocrx_word' id='word_1_323' title='bbox 723 3767 779 3803; x_wconf 94' lang='lat' dir='ltr'><strong>non</strong></span> <span class='ocrx_word' id='word_1_324' title='bbox 799 3751 857 3802; x_wconf 86' lang='lat' dir='ltr'><strong>sine</strong></span> <span class='ocrx_word' id='word_1_325' title='bbox 875 3751 976 3820; x_wconf 79' lang='lat' dir='ltr'><strong>gemitu</strong></span> <span class='ocrx_word' id='word_1_326' title='bbox 994 3751 1129 3820; x_wconf 79' lang='lat' dir='ltr'><strong>suspirans</strong></span> <span class='ocrx_word' id='word_1_327' title='bbox 1150 3751 1225 3822; x_wconf 91' lang='lat' dir='ltr'><strong>quod</strong></span> 
     </span>
     <span class='ocr_line' id='line_1_39' title="bbox 137 3819 1224 3890; baseline -0.001 -14"><span class='ocrx_word' id='word_1_328' title='bbox 137 3833 186 3878; x_wconf 84' lang='lat' dir='ltr'><strong>aut</strong></span> <span class='ocrx_word' id='word_1_329' title='bbox 202 3833 291 3876; x_wconf 86' lang='lat' dir='ltr'><strong>terrae</strong></span> <span class='ocrx_word' id='word_1_330' title='bbox 318 3833 409 3876; x_wconf 88' lang='lat' dir='ltr'><strong>motus</strong></span> <span class='ocrx_word' id='word_1_331' title='bbox 435 3839 491 3876; x_wconf 90' lang='lat' dir='ltr'><strong>non</strong></span> <span class='ocrx_word' id='word_1_332' title='bbox 512 3822 700 3883; x_wconf 85' lang='lat' dir='ltr'><strong>absorbuerit,</strong></span> <span class='ocrx_word' id='word_1_333' title='bbox 728 3822 866 3890; x_wconf 73' lang='lat' dir='ltr'><strong>actiguis</strong></span> <span class='ocrx_word' id='word_1_334' title='bbox 890 3839 946 3874; x_wconf 86' lang='lat' dir='ltr'><strong>non</strong></span> <span class='ocrx_word' id='word_1_335' title='bbox 971 3819 1158 3890; x_wconf 84' lang='lat' dir='ltr'><strong>absumpserit,</strong></span> <span class='ocrx_word' id='word_1_336' title='bbox 1176 3831 1224 3876; x_wconf 89' lang='lat' dir='ltr'><strong>aut</strong></span> 
     </span>
     <span class='ocr_line' id='line_1_40' title="bbox 139 3890 1224 3978; baseline 0 -32"><span class='ocrx_word' id='word_1_337' title='bbox 139 3911 211 3966; x_wconf 82' lang='lat' dir='ltr'><strong>aqua</strong></span> <span class='ocrx_word' id='word_1_338' title='bbox 228 3893 354 3946; x_wconf 78' lang='lat' dir='ltr'><strong>alicunde</strong></span> <span class='ocrx_word' id='word_1_339' title='bbox 380 3909 524 3978; x_wconf 88' lang='lat' dir='ltr'><strong>erumpens</strong></span> <span class='ocrx_word' id='word_1_340' title='bbox 546 3894 589 3945; x_wconf 84' lang='lat' dir='ltr'><strong>rel</strong></span> <span class='ocrx_word' id='word_1_341' title='bbox 614 3890 767 3944; x_wconf 79' lang='lat' dir='ltr'><strong>anubibus</strong></span> <span class='ocrx_word' id='word_1_342' title='bbox 788 3891 914 3945; x_wconf 89' lang='lat' dir='ltr'><strong>decidens</strong></span> <span class='ocrx_word' id='word_1_343' title='bbox 935 3907 990 3944; x_wconf 89' lang='lat' dir='ltr'><strong>non</strong></span> <span class='ocrx_word' id='word_1_344' title='bbox 1004 3893 1175 3961; x_wconf 87' lang='lat' dir='ltr'><strong>cooperuerit</strong></span> <span class='ocrx_word' id='word_1_345' title='bbox 1194 3902 1224 3946; x_wconf 88' lang='lat' dir='ltr'><strong>et</strong></span> 
     </span>
     <span class='ocr_line' id='line_1_41' title="bbox 139 3963 1224 4034; baseline 0 -16"><span class='ocrx_word' id='word_1_346' title='bbox 139 3965 329 4018; x_wconf 85' lang='lat' dir='ltr'><strong>inundaverit:</strong></span> <span class='ocrx_word' id='word_1_347' title='bbox 348 3965 401 4016; x_wconf 87' lang='lat' dir='ltr'><strong>boc</strong></span> <span class='ocrx_word' id='word_1_348' title='bbox 421 3982 493 4034; x_wconf 25' lang='lat' dir='ltr'><strong>entim</strong></span> <span class='ocrx_word' id='word_1_349' title='bbox 512 3963 684 4017; x_wconf 84' lang='lat' dir='ltr'><strong>tolerabilius</strong></span> <span class='ocrx_word' id='word_1_350' title='bbox 702 3963 814 4026; x_wconf 87' lang='lat' dir='ltr'><strong>suisset,</strong></span> <span class='ocrx_word' id='word_1_351' title='bbox 834 3963 943 4034; x_wconf 85' lang='lat' dir='ltr'><strong>quando</strong></span> <span class='ocrx_word' id='word_1_352' title='bbox 961 3963 1047 4014; x_wconf 88' lang='lat' dir='ltr'><strong>multo</strong></span> <span class='ocrx_word' id='word_1_353' title='bbox 1066 3963 1163 4016; x_wconf 88' lang='lat' dir='ltr'><strong>melius</strong></span> <span class='ocrx_word' id='word_1_354' title='bbox 1183 3973 1224 4018; x_wconf 84' lang='lat' dir='ltr'><strong>est</strong></span> 
     </span>
     <span class='ocr_line' id='line_1_42' title="bbox 140 4031 1271 4105; baseline -0.002 -17"><span class='ocrx_word' id='word_1_355' title='bbox 140 4051 199 4088; x_wconf 87' lang='lat' dir='ltr'><strong>eam</strong></span> <span class='ocrx_word' id='word_1_356' title='bbox 216 4052 350 4105; x_wconf 86' lang='lat' dir='ltr'><strong>nusquam</strong></span> <span class='ocrx_word' id='word_1_357' title='bbox 378 4043 483 4087; x_wconf 82' lang='lat' dir='ltr'><strong>exstare</strong></span> <span class='ocrx_word' id='word_1_358' title='bbox 530 4053 590 4090; x_wconf 80' lang='lat' dir='ltr'><strong>tram</strong></span> <span class='ocrx_word' id='word_1_359' title='bbox 609 4035 662 4086; x_wconf 86' lang='lat' dir='ltr'><strong>hoc</strong></span> <span class='ocrx_word' id='word_1_360' title='bbox 679 4035 760 4088; x_wconf 89' lang='lat' dir='ltr'><strong>modo</strong></span> <span class='ocrx_word' id='word_1_361' title='bbox 778 4033 847 4086; x_wconf 86' lang='lat' dir='ltr'><strong>visui</strong></span> <span class='ocrx_word' id='word_1_362' title='bbox 866 4033 1003 4086; x_wconf 88' lang='lat' dir='ltr'><strong>hominnm</strong></span> <span class='ocrx_word' id='word_1_363' title='bbox 1022 4031 1115 4086; x_wconf 87' lang='lat' dir='ltr'><strong>obiici.</strong></span> <span class='ocrx_word' id='word_1_364' title='bbox 1149 4048 1223 4088; x_wconf 81' lang='lat' dir='ltr'><strong>sacre</strong></span> <span class='ocrx_word' id='word_1_365' title='bbox 1269 4095 1271 4098; x_wconf 23' lang='lat'>¹</span> 
     </span>
     <span class='ocr_line' id='line_1_43' title="bbox 139 4052 1222 4178; baseline 0 -22"><span class='ocrx_word' id='word_1_366' title='bbox 139 4107 223 4176; x_wconf 74' lang='lat' dir='ltr'><strong>igitur</strong></span> <span class='ocrx_word' id='word_1_367' title='bbox 240 4109 341 4178; x_wconf 89' lang='lat' dir='ltr'><strong>templa</strong></span> <span class='ocrx_word' id='word_1_368' title='bbox 350 4107 379 4158; x_wconf 93' lang='lat' dir='ltr'><strong>in</strong></span> <span class='ocrx_word' id='word_1_369' title='bbox 391 4106 501 4175; x_wconf 84' lang='lat' dir='ltr'><strong>publica</strong></span> <span class='ocrx_word' id='word_1_370' title='bbox 510 4052 657 4160; x_wconf 74' lang='lat' dir='ltr'><strong>diversoria</strong></span> <span class='ocrx_word' id='word_1_371' title='bbox 667 4105 808 4158; x_wconf 87' lang='lat' dir='ltr'><strong>immutata</strong></span> <span class='ocrx_word' id='word_1_372' title='bbox 821 4112 893 4168; x_wconf 90' lang='lat' dir='ltr'><strong>sunt,</strong></span> <span class='ocrx_word' id='word_1_373' title='bbox 912 4113 942 4156; x_wconf 90' lang='lat' dir='ltr'><strong>ut</strong></span> <span class='ocrx_word' id='word_1_374' title='bbox 959 4114 1157 4173; x_wconf 80' lang='lat' dir='ltr'><strong>praenarratam</strong></span> <span class='ocrx_word' id='word_1_375' title='bbox 1172 4113 1222 4168; x_wconf 86' lang='lat' dir='ltr'><strong>est,</strong></span> 
     </span>
     <span class='ocr_line' id='line_1_44' title="bbox 139 4173 1220 4252; baseline 0.001 -24"><span class='ocrx_word' id='word_1_376' title='bbox 139 4187 169 4230; x_wconf 84' lang='lat' dir='ltr'><strong>et</strong></span> <span class='ocrx_word' id='word_1_377' title='bbox 188 4185 220 4232; x_wconf 88' lang='lat' dir='ltr'><strong>nt</strong></span> <span class='ocrx_word' id='word_1_378' title='bbox 237 4195 298 4233; x_wconf 84' lang='lat' dir='ltr'><strong>cum</strong></span> <span class='ocrx_word' id='word_1_379' title='bbox 315 4175 449 4252; x_wconf 82' lang='lat' dir='ltr'><strong>propheta</strong></span> <span class='ocrx_word' id='word_1_380' title='bbox 467 4177 571 4250; x_wconf 84' lang='lat' dir='ltr'><strong>loquar,</strong></span> <span class='ocrx_word' id='word_1_381' title='bbox 589 4177 618 4232; x_wconf 91' lang='lat' dir='ltr'><strong>in</strong></span> <span class='ocrx_word' id='word_1_382' title='bbox 631 4177 718 4230; x_wconf 88' lang='lat' dir='ltr'><strong>securi</strong></span> <span class='ocrx_word' id='word_1_383' title='bbox 737 4184 766 4230; x_wconf 87' lang='lat' dir='ltr'><strong>et</strong></span> <span class='ocrx_word' id='word_1_384' title='bbox 782 4177 854 4230; x_wconf 82' lang='lat' dir='ltr'><strong>ascia</strong></span> <span class='ocrx_word' id='word_1_385' title='bbox 871 4173 915 4230; x_wconf 86' lang='lat' dir='ltr'><strong>dei</strong></span> <span class='ocrx_word' id='word_1_386' title='bbox 932 4175 1119 4248; x_wconf 84' lang='lat' dir='ltr'><strong>propitiatoria</strong></span> <span class='ocrx_word' id='word_1_387' title='bbox 1137 4175 1220 4229; x_wconf 85' lang='lat' dir='ltr'><strong>disie-</strong></span> 
     </span>
    </p>
   </div>
   <div class='ocr_carea' id='block_1_5' title="bbox 0 0 1526 4817">
    <p class='ocr_par' dir='ltr' id='par_1_6' title="bbox 0 0 1526 4817">
     <span class='ocr_line' id='line_1_45' title="bbox 0 0 1526 4817; baseline 0 0"><span class='ocrx_word' id='word_1_388' title='bbox 0 0 1526 4817; x_wconf 95' lang='lat' dir='ltr'><strong> </strong></span> 
     </span>
    </p>
   </div>
  </div>
 </body>
</html>
