3042 4817
266 293 320 355 os
343 287 707 360 unisonouuesust
726 287 893 356 σκσισιο
912 291 1141 358 usuusno.
1172 263 1251 352 ὅτι
1345 309 1353 316 -

166 437 293 523 χρόνων
312 433 409 519 μόνον
417 433 532 520 ταότιγς
543 432 732 520 άπάραντας
743 440 779 503 ἐκ
805 441 1061 524 τῆςτῶνδεινιόν
1082 443 1258 524 συνεχείας,

169 536 250 605 άλλά
271 537 312 621 δὴ
331 542 387 602 καί
404 539 467 602 τόν
487 537 703 619 αἰχμαλώτων
728 545 943 624 γεγενημένων
963 541 1037 616 τούς
1064 540 1258 624 ὁθενδὴποττ

167 641 224 721 τῆς
252 639 438 719 ἐλευθερίας
465 637 672 719 ἠξιωμένους.
720 642 953 723 ἠλευθέρωνται
985 639 1041 706 καί
1063 641 1123 726 γάρ
1155 638 1260 706 ἱκανοί

167 739 292 802 πολλῶν
310 739 470 821 θεοφιλῶν
490 736 572 818 dudo
606 735 812 820 άναρράσεως
831 739 922 822 ἡμῶν
943 734 1119 826 προθύμως
1136 763 1258 824 κεκινη-

139 839 279 917 5μένοσν,
299 839 354 900 καί
370 833 510 916 μάλιστα
531 841 589 900 τοῦ
603 838 665 900 τάν
685 840 814 921 Σέρβων
835 833 1006 922 ἄρχοντος,
1023 830 1050 928 ᾧ
1067 841 1131 904 τῶν
1152 831 1315 906 άλλωνλθ]

167 935 265 1000 adsoni
285 933 564 1018 πλεονεκτημάτων
585 937 743 1020 ἐξαίρετον
760 936 782 1020 ἦ
798 936 877 1022 πρός
896 937 973 1014 νοός
992 941 1158 1020 δεομένους
1170 940 1256 1004 ἐστίν

165 1034 295 1099 ον’ποαλι
315 1029 474 1100 ἑκάστοτε.
520 1034 656 1118 χρυσίον
684 1039 740 1099 καί
758 1035 820 1120 γάρ
843 1029 936 1114 οὗτός
954 1061 1036 1102 τισιν
1056 1029 1102 1112 οἷς
1123 1034 1255 1123 ἐθάρρει

160 1134 369 1216 χειρίσας-ἐπ’
383 1134 551 1222 ἐλευθερίᾳ
567 1135 628 1198 τάν
641 1135 855 1217 αἰχμαλώτων
870 1140 961 1201 τοῦτο
976 1139 1108 1221 δοθῆναι
1120 1159 1255 1221 παρεκε-

163 1231 306 1299 λεάσατο.
326 1235 383 1298 καί
392 1233 450 1297 οόκ
459 1233 523 1297 α’πό
538 1236 593 1319 τῆς
605 1232 726 1300 ἐκείνου
739 1231 867 1319 γνώμης
881 1237 1010 1317 ἐγένετο·
1031 1237 1180 1320 ἐπρίαντο
1191 1237 1254 1320 γάρ

112 1335 220 1408 ,θεοῦ
231 1333 370 1415 χρυσίου
392 1329 424 1396 οἱ
444 1329 525 1415 πρός
544 1334 622 1397 usito*
635 1337 820 1414 τεταγμένοι
833 1331 977 1416 πολλούς,
999 1335 1032 1400 οἳ
1050 1333 1089 1418 δή
1101 1338 1157 1400 καί
1175 1337 1254 1398 ἐπα-

161 1431 279 1508 νιόντες
299 1429 355 1496 ἐπί
372 1432 428 1516 τὴν
442 1431 546 1516 πόλιν,
566 1431 608 1508 οἷς
627 1431 764 1510 εἰκάζειν
784 1429 905 1514 ἐχομεν,
927 1435 1025 1518 μέχρι
1037 1437 1094 1499 τοῦ
1116 1437 1172 1499 νῦν
1192 1434 1255 1499 εἰσί

161 1527 245 1612 μετά
268 1532 332 1596 τεόν
349 1532 403 1595 (ἐπ’
430 1523 534 1596 ἄλλων
561 1527 666 1595 τόπων
694 1533 897 1615 ἐληλυθότων
918 1532 998 1598 οόσεί
1016 1537 1125 1615 χιλιοι.
1168 1535 1198 1598 εἰ
1218 1536 1253 1598 δέ

160 1629 218 1694 καί
234 1635 446 1712 συναριθμεῖν
470 1654 518 1706 τις
545 1632 652 1696 ἐθέλοι
683 1632 739 1694 καί
764 1629 841 1705 τοός
870 1627 928 1715 τὴν
956 1629 1048 1696 πόλιν
1068 1630 1254 1715 οἰκήσαντας

164 1728 338 1814 Τοόρκους,
359 1725 423 1794 εἶεν
444 1724 484 1794 άν
499 1729 578 1795 ιόσεί
597 1727 758 1811 δισχίλιοι.
800 1727 1009 1810 διενοούμεθα
1031 1733 1066 1794 δὲ
1087 1729 1145 1815 τήν
1165 1730 1254 1797 πόλιν
1279 1779 1285 1790 ·

109 1826 216 1901 152us'
234 1821 331 1904 αὖθις
353 1828 410 1907 τὴν
439 1835 515 1914 πρίν
544 1829 644 1910 αότῆς
662 1827 836 1908 εὐκοσμίαν
863 1829 1033 1911 ἀναλαβεῖν
1057 1828 1114 1894 καί
1137 1829 1253 1912 καὶτῆς

158 1925 327 2009 ειίσεβειας
345 1921 486 2010 άνθῆσαι
505 1925 561 1990 καί
578 1929 795 2009 πλατυνθῆναι
824 1925 868 2002 εἷς
888 1925 1049 2012 πρότερον.
1090 1926 1147 2015 καί
1163 1932 1251 2012 γέγο-

158 2045 212 2088 νιν
233 2019 273 2088 άν
293 2024 380 2104 ἴσως,
403 2028 434 2089 εἰ
450 2023 497 2109 μὴ
516 2028 572 2090 καί
588 2023 682 2089 πάλιν
700 2024 737 2090 τό
757 2027 881 2110 πλῆθος
891 2030 954 2092 τῶν
975 2027 1135 2110 ἡμετέρων
1145 2033 1251 2113 σφαλ-

155 2121 266 2204 μάτων
286 2123 433 2204 ἐμποδοόν
452 2123 586 2206 ἐγεγόνει
603 2121 692 2208 καίῆ
715 2127 809 2188 κατίοι
828 2122 874 2209 μὴ
895 2125 1007 2209 χώραν
1028 2119 1130 2210 εὗρεν.
1151 2127 1185 2205 ἐξ
1205 2118 1246 2190 ud

155 2221 217 2307 γάρ
234 2222 360 2307 ἡπόλις
381 2221 569 2304 δεδούλωτο,
589 2221 646 2288 καί
665 2222 874 2308 όΜυυράτης
895 2225 997 2289 πάντα
1017 2228 1073 2290 καί
1092 2229 1246 2307 κτίσματα

100 2323 369 2406 „statuminum
390 2321 447 2388 καί
458 2321 537 2398 νειός
549 2321 658 2407 ἐεροάς
669 2325 726 2388 καί
742 2322 842 2405 μονάς
861 2323 987 2400 καὶτὰς
1002 2327 1066 2389 τάν
1085 2322 1249 2407 προσόδων

154 2421 261 2487 αάτιόν
271 2421 424 2508 α’φυρμάς
437 2425 622 2488 ἐπανιοῦσιν
631 2421 708 2506 ἡμῖν
720 2430 786 2500 τοῖς
800 2421 1005 2507 όπασδὴποτε
1023 2427 1078 2506 τῆς
1099 2425 1245 2500 δουλείας

153 2521 365 2604 άπαλλαγεῖσι
387 2526 563 2608 φιλοτίμως
590 2525 647 2586 καί
669 2517 837 2604 γράμμασι
864 2519 921 2586 καί
941 2519 1043 2604 λόγοις
1062 2521 1242 2606 δεδιόρητο,

153 2623 320 2705 πανταχοῦ
331 2643 365 2686 τε
386 2629 452 2700 τοῖς
471 2621 715 2709 ἀφικνουμένας
739 2617 926 2708 ἐλευθερίαν
943 2620 1083 2710 ἐκήρυξε,
1106 2619 1163 2687 καί
1184 2621 1243 2700 τοὶς
1298 2682 1304 2693 .

152 2909 204 2946 nos
222 2909 309 2944 rerum
328 2893 457 2961 angustiis
473 2895 559 2963 pressi
575 2909 609 2948 ex
626 2910 660 2946 ea
677 2902 852 2958 secesserant,
868 2895 950 2946 etium
966 2893 993 2946 vi
1012 2895 1124 2946 reduces
1142 2895 1239 2959 secere,

151 2965 272 3033 captivos
291 2966 355 3016 item
374 2965 566 3033 quoquomodo
584 2967 614 3016 in
641 2965 795 3016 libertatem
819 2965 980 3016 vindicatos.
1024 2981 1140 3034 nemque
1159 2983 1240 3036 quam

151 3035 263 3156 qiurimi
282 3036 387 3103 piorum
413 3035 563 3100 bominum,
582 3036 727 3088 infortunii
751 3036 984 3088 commiseratione
1006 3035 1181 3100 devictorum,
1197 3037 1238 3088 ¹li·

172 3106 313 3167 erslitste,
331 3115 360 3156 et
375 3107 544 3174 potissimum
565 3107 707 3158 Servorum
731 3107 883 3176 principis,
904 3107 947 3158 cui
966 3123 1030 3174 prae
1049 3107 1119 3168 eliis,
1137 3106 1238 3175 quibus

150 3185 271 3228 coeteros
296 3185 422 3245 superat,
439 3177 585 3229 virtutibus
611 3179 785 3246 praecipuum
814 3186 855 3229 est
877 3178 904 3228 in
924 3193 1022 3244 egenos
1042 3177 1238 3240 beneficentia,

151 3247 286 3316 redempti
301 3247 418 3300 buerant.
456 3249 479 3298 is
497 3250 570 3300 euim
590 3265 684 3299 numm
705 3249 866 3300 fidisusnicis
883 3249 1067 3300 concreditum
1086 3263 1135 3317 pro
1153 3249 1238 3299 iiber-

150 3327 207 3370 tote
225 3319 390 3388 cuptivorum
413 3318 534 3388 impendi
559 3319 749 3384 mendsvemt3
776 3335 865 3388 neque
883 3319 998 3370 consilio
1019 3319 1160 3370 frustratus
1179 3327 1238 3381 est,

152 3407 186 3440 eo
205 3389 342 3458 siquidem
360 3406 426 3441 auro
442 3390 541 3442 multos
556 3389 590 3440 nb
610 3407 643 3442 eo
662 3391 736 3442 missi
749 3389 937 3456 redemerunt3
958 3390 1005 3460 qui
1025 3390 1123 3440 reversi
1141 3389 1170 3441 in
1188 3407 1238 3458 pn·

151 3462 248 3522 trium,
265 3469 296 3512 ut
312 3461 481 3523 eoniieimns,
499 3460 535 3511 ud
554 3460 607 3512 hoe
625 3470 730 3530 tempus
746 3475 807 3512 eum
824 3461 901 3523 aliis,
920 3461 968 3531 qui
987 3477 1020 3510 ex
1039 3459 1150 3511 diversis
1170 3461 1235 3510 iocis

151 3530 206 3582 buc
224 3547 371 3595 sccrsrrere,
389 3541 454 3584 sunt
474 3547 589 3583 numeru
608 3532 692 3583 miiie.
737 3541 766 3582 et
788 3533 810 3582 si
830 3532 892 3601 quis
909 3532 989 3583 simui
1007 3533 1107 3583 Tuscus
1127 3531 1238 3581 huiusce

152 3601 228 3654 urbis
241 3602 407 3655 habitatores
425 3603 613 3661 numeraverit,
631 3611 711 3654 erunt
724 3602 781 3670 iere
801 3602 842 3654 bis
861 3602 944 3654 miile.
981 3602 1156 3671 opinabamur
1172 3615 1237 3652 vero

151 3671 245 3724 urbem
264 3691 353 3725 rursus
366 3676 509 3744 pristinum
526 3673 651 3725 decorem
665 3683 842 3742 recepturum,
855 3683 882 3725 et
894 3677 1021 3742 pietatem
1036 3673 1110 3723 novis
1127 3670 1239 3723 floribus

151 3759 313 3795 emersurum
330 3755 366 3806 et,
384 3755 415 3798 ut
432 3754 519 3803 antea.
538 3746 618 3812 iunge
634 3744 745 3815 iateque
765 3745 954 3812 divagaturum.
980 3753 1008 3794 et
1026 3744 1095 3794 sorte
1113 3745 1237 3793 effectum

149 3813 299 3876 habuisset,
315 3817 343 3866 ni
355 3833 442 3868 rursus
454 3833 571 3868 meorum
582 3816 828 3884 delictorumcupiu
846 3815 997 3868 obstitisset
1015 3814 1147 3882 datusque
1168 3819 1240 3866 esset

150 3887 227 3937 iocus
247 3885 424 3954 improbitati.
445 3905 478 3938 ex
489 3905 544 3956 quo
555 3889 626 3939 euim
639 3887 733 3938 civitas
750 3888 907 3955 captivitate
924 3903 1013 3954 pressa
1029 3886 1122 3945 isserat,
1135 3891 1161 3934 et
1174 3885 1237 3936 Mu-

150 3963 222 4008 rates
241 3959 331 4008 omnis
351 3965 380 4008 et
399 3959 522 4009 aedificia
543 3967 571 4010 et
583 3959 766 4029 possessiones
785 3967 812 4010 et
829 3975 902 4008 sacra
923 3958 1022 4026 templa
1038 3957 1237 4007 etmouusteriu

149 4037 179 4080 et
199 4043 292 4079 eorum
311 4027 413 4080 reditus
431 4029 510 4080 uobis
528 4029 727 4080 reuertentibus
745 4045 858 4100 quoquo
876 4029 957 4079 modo
976 4027 1069 4078 liberis
1087 4027 1164 4078 i'octis
1182 4044 1238 4078 niu-

149 4099 246 4164 guifice
263 4109 292 4152 et
310 4101 410 4168 scripto
431 4109 460 4152 et
476 4117 601 4153 sermone
618 4101 747 4168 elargitus
767 4108 815 4160 σοι,
836 4108 864 4150 et
885 4099 950 4149 Ιοείν
969 4097 1135 4162 επφιιτσίλιιιι
1155 4096 1239 4148 urire·

149 4170 289 4224 nieutibus
306 4171 460 4224 libertatem
477 4173 567 4242 palam
587 4171 680 4237 edixit,
703 4179 731 4223 et
749 4188 810 4223 ειιιιε
829 4170 925 4222 domus
947 4178 975 4221 et
991 4185 1169 4242 quaecuuque
1186 4167 1237 4220 im·
