3042 4817
258 254 345 341 356
571 279 745 345 cronon
775 278 1020 344 ennium

252 432 366 500 Ἀσιαν
386 433 443 495 καί
462 430 644 495 Αἰθιοπίαν
665 426 814 513 Περσίαν
838 450 871 493 τε
898 427 955 492 καί
969 425 1085 493 Ἰνδίαν
1111 424 1169 489 καί
1187 423 1350 509 Ἀραβίαν.

254 531 271 595 ό
295 534 332 595 δέ
353 530 460 614 ἕτερος
479 524 624 614 Ἰωάννης
643 531 700 593 καί
717 526 817 605 ου’τός
831 526 1025 612 εΙῐλληνικτῦς,
1046 528 1102 589 καί
1120 520 1220 609 ἐδόθη
1241 526 1287 601 είς
1307 524 1348 589 τά

253 630 335 715 μέρη
356 632 412 713 τής
434 626 592 713 Βῦροόπης
620 631 676 693 καί
704 626 764 702 τός
791 625 908 711 νήσους
927 625 984 689 καί
1000 621 1079 689 ἔνθα
1099 623 1298 709 εῦρίσκονται
1318 622 1351 689 ni

241 720 401 813 Ἕλληνες.
422 727 478 792 καί
490 721 590 804 οῦτως
603 724 736 811 διεδόθη
747 722 784 791 τό
801 726 984 809 εὐαγγέλιον
997 728 1043 799 εἰς
1057 722 1112 788 τόν
1122 720 1237 804 κόσμον
1248 722 1350 789 δπαν·

255 852 295 892 τα
316 828 356 891 ου’
377 823 457 909 μετά
490 829 564 908 βίας
594 826 670 892 ου’δέ
697 826 769 907 μετ’
797 818 931 909 όνόγκης
951 822 1027 887 οῦδὲ
1058 821 1138 903 μετά
1159 827 1273 909 ξίφους
1295 822 1384 890 καί5

253 924 391 1011 σπάθης,
412 926 483 989 ἀλλ’
501 926 536 989 έν
560 916 664 1013 άγόπη
694 925 750 987 καί
769 920 929 1007 ἱλαρότητι
957 923 1015 987 καί
1033 923 1068 987 έν
1087 919 1274 986 ταπεινώσει
1296 921 1351 985 εῦ-

253 1030 395 1109 ρίσκοντο
416 1019 620 1099 διδάσκοντες
652 1020 682 1087 οἱ
703 1020 875 1087 ἀπόστολοι
899 1018 952 1085 τόν
976 1016 1068 1104 λόγον
1087 1022 1146 1085 τοῦ
1165 1025 1253 1085 θεοῦ.
1294 1024 1353 1087 καί

253 1124 485 1207 ἀπέστραπται
505 1118 543 1185 τά
564 1117 759 1205 πράγματα,
790 1118 931 1205 τῶνγὰρ
953 1112 1135 1185 ἀποστόλων
1148 1123 1351 1200 τυπτομένων

254 1224 513 1307 κολαφιζομένων
542 1207 793 1305 λοιδορουμένων
823 1221 1023 1299 διωκομένων
1060 1216 1274 1285 διδασκόντων
1309 1216 1349 1282 οῦ

254 1323 423 1387 κατέπιπτε
445 1317 480 1384 τό
494 1315 652 1405 κήρυγμα,
672 1318 740 1383 ἀλλ’
764 1318 867 1406 ήμέρρ
885 1321 925 1406 τῇ
944 1316 1048 1407 ήμέρρ
1068 1316 1276 1401 ἐμεγαλόνετο
1296 1314 1352 1381 καί
1365 1344 1407 1389 ro

253 1420 407 1505 ηὐξάνετο
426 1415 462 1483 τό
487 1420 547 1481 τοῦ
567 1420 714 1501 Χριστοῦ
746 1420 939 1501 ευάγηέλιον.
988 1418 1045 1481 καί
1063 1418 1176 1481 ἐκεῖνοι
1199 1414 1230 1481 οἱ
1250 1414 1349 1483 nott&

253 1518 483 1596 σπουδάζοντες
504 1518 560 1581 καί
585 1513 686 1581 πολλά
710 1514 927 1592 κεκοπιακότες
948 1512 1093 1597 καλύψαι
1122 1514 1155 1581 τό
1183 1518 1242 1580 τοῦ
1269 1518 1354 1601 Χρι.

253 1620 333 1683 στοῦ
359 1610 477 1699 ὄνομα,
510 1618 563 1681 ἵνα
595 1612 640 1699 μή
673 1613 852 1703 όμολογήση
884 1614 984 1680 αῦτόν
1005 1639 1052 1691 τις
1080 1618 1144 1681 τῶν
1173 1611 1354 1697 άιθριόπων

253 1714 344 1799 θεόν,
365 1712 383 1779 ό
405 1718 440 1781 δὲ
461 1718 556 1780 τοῦτο
575 1715 742 1800 τολμήσων
761 1716 892 1805 θανάτῳ
915 1709 1136 1795 άποθανεῖται,
1159 1716 1255 1780 αῦτοί
1272 1717 1353 1781 έκεῖ-

253 1838 303 1881 νοι
321 1812 568 1901 κατανοήσαντες
588 1812 648 1898 τήν
667 1808 826 1897 όλήθειαν
838 1818 1031 1899 προσέπεσον
1046 1812 1100 1877 καί
1118 1812 1353 1899 προσεκύνησαν
1366 1814 1408 1876 ¹5

254 1912 284 1981 oi
304 1919 364 1997 μέν
384 1922 450 1990 τοῖς
471 1910 658 1989 όποστόλοις
685 1911 716 1977 oi
738 1916 775 1979 δὲ
798 1922 865 1990 τοῖς
886 1914 1012 1978 ἐκείνων
1034 1913 1199 1997 διαδόχοις
1218 1916 1274 1977 καί
1289 1938 1354 1993 μα-

254 2018 390 2097 θηταῖς,
411 2014 467 2077 καί
492 2014 684 2077 ἐπίστευσαν
705 2006 755 2075 ότι
784 2009 880 2087 αῦτός
902 2010 1023 2077 ε’στινό
1045 2008 1313 2095 όληθινόςθεός,
1337 2006 1354 2073 ό

257 2110 418 2193 Χριστός,
446 2110 542 2186 αῦτός
564 2112 650 2175 ε’στιν
671 2106 688 2173 ό
715 2108 784 2185 υίὸς
804 2112 862 2176 τοῦ
881 2113 959 2175 θεοῦ
978 2112 1038 2174 τοῦ
1060 2112 1190 2192 ζῶντος,
1209 2114 1266 2175 καί
1283 2112 1357 2175 έλυ-

257 2211 375 2276 ποῧντο
394 2212 451 2275 καί
469 2208 595 2273 ἔκλαιον
614 2206 674 2284 τός
693 2204 920 2292 παρελθοῦσας
943 2205 1082 2293 ἡμέρας,
1110 2207 1149 2284 ῦς
1167 2210 1358 2293 περιεπάτη·

258 2333 320 2375 σαν
341 2312 376 2375 έν
395 2312 435 2397 τῇ
455 2312 565 2395 σκοτίρ
583 2308 641 2371 καί
668 2310 708 2395 τῇ
728 2308 830 2397 πλάνη
853 2301 912 2372 τοῦ
929 2312 1069 2373 Σατανᾶ.
1112 2304 1129 2373 ό
1154 2311 1189 2373 δέ
1212 2306 1409 2391 κανόνα-κο

257 2412 316 2483 θος
335 2406 411 2483 θεός
424 2406 480 2471 καί
500 2400 645 2491 ἐλεήμων
663 2407 790 2483 ἐδέξατο
812 2408 919 2471 αῦτῦν
936 2403 996 2491 τήν,
1012 2402 1195 2489 μετάνοιαν,
1215 2410 1273 2471 καί
1295 2406 1356 2471 αῦ-

257 2506 335 2583 τοός
353 2503 428 2583 τοῦς
449 2502 620 2580 διώκοντας
642 2504 678 2568 τό
700 2509 758 2569 τοῦ
771 2508 917 2591 Χριστοῦ
935 2498 1033 2588 ὄνομα
1054 2510 1224 2592 κατέστησε
1244 2509 1356 2589 ποιμέ-

329 2702 355 2741 α.
373 2688 423 2741 καλ
438 2684 525 2752 ἐδόθη
541 2714 578 2727 -·
594 2682 708 2759 νήσους]
727 2690 766 2749 eir
786 2686 835 2757 τήν
853 2686 978 2761 Πότμον
998 2691 1047 2745 καλ
1059 2688 1185 2763 Ἔφεσον
1202 2690 1222 2743 Ρ
1314 2708 1354 2761 ¹7·

328 2754 461 2813 orit.—
486 2754 667 2814 toroome
796 2759 798 2767 ¹

260 2941 352 3005 gotum
370 2942 411 2988 ert
428 2934 458 2987 in
474 2934 546 2998 λεία,
562 2933 719 3056 Aethiopia,
738 2936 840 2999 Persio,
867 2936 943 2989 indis
969 2944 999 2991 et
1020 2938 1133 3007 Arabin3
1162 2947 1289 3011 quartur,
1307 2940 1355 2991 io-

261 3006 381 3072 hannes,
397 3007 463 3059 item
481 3021 583 3075 graece,
603 3022 659 3076 quo
697 3007 727 3056 in
745 3015 822 3075 parte
835 3008 957 3077 Europne
977 3018 1006 3061 et
1024 3027 1074 3079 per
1092 3010 1196 3063 inrulor
1216 3028 1247 3062 oc
1264 3012 1355 3079 regio-

160 3085 165 3098 '
261 3094 310 3129 nen
329 3096 345 3128 n
365 3077 475 3129 Graecis
494 3075 631 3128 bnbitrtar
649 3076 779 3127 innotuit.
828 3078 865 3129 itu
893 3081 1063 3147 evangelium
1089 3099 1138 3150 per
1156 3090 1243 3133 totum
1261 3082 1357 3135 orbem

261 3157 393 3201 terrorum
410 3165 466 3199 non
483 3148 510 3200 ri
531 3146 719 3209 concientia,
736 3162 788 3197 nec
806 3162 871 3199 enoc
891 3158 919 3201 et
930 3151 1030 3219 gladio,
1049 3152 1218 3221 divulgatum
1238 3162 1288 3215 ert,
1306 3152 1358 3204 red

261 3220 308 3289 pie
327 3226 357 3271 ct
384 3218 456 3269 laete
484 3226 513 3269 et
531 3216 654 3269 modeste
679 3217 812 3285 apostolis
836 3218 949 3273 verbum
971 3220 1017 3273 dei
1035 3220 1206 3276 docentibus.
1242 3231 1356 3293 eratque

263 3307 353 3341 rernm
370 3291 449 3360 quari
467 3288 645 3358 repugnantia
665 3286 808 3357 quaedum.
827 3304 889 3341 unm
902 3306 986 3360 quum
1005 3293 1122 3363 apostoli
1141 3302 1358 3363 percuterentur,

264 3360 481 3429 flagellarentur,
509 3359 638 3410 conviciis
668 3357 849 3423 obicerentur,
868 3364 1069 3429 exagitarentur
1092 3364 1164 3415 inter
1190 3364 1359 3429 docendum,

264 3446 321 3482 non
341 3446 470 3501 opprrrra
487 3438 529 3480 ert
550 3445 642 3479 eorum
654 3426 788 3489 doctrina,
809 3428 857 3481 red
877 3432 906 3483 in
924 3432 983 3485 dier
1000 3452 1071 3496 πονε
1087 3434 1254 3488 incrementa
1265 3436 1359 3505 repie-

264 3500 313 3552 bnt
333 3509 362 3554 et
381 3500 478 3552 ioetiur
509 3498 695 3551 efflorescebnt
721 3501 892 3569 evangelium
911 3503 1019 3557 chricti.
1066 3505 1113 3574 qui
1142 3507 1214 3558 enim
1241 3507 1359 3559 muitum

265 3587 364 3641 operae
376 3570 571 3641 impendebant
580 3570 750 3641 multumque
762 3570 943 3635 enitebantur,
953 3584 984 3627 ut
990 3576 1159 3629 occultarent
1170 3594 1269 3629 nornen
1279 3578 1360 3629 Cbri-

263 3642 307 3704 cti,
326 3658 362 3696 ne
380 3642 442 3712 quir
459 3657 521 3693 erun
537 3638 617 3691 deum
631 3656 690 3693 erre
708 3640 841 3703 crederet,
859 3640 947 3713 (quod
965 3646 1014 3715 qui
1033 3645 1185 3709 conabitur,
1203 3656 1290 3701 rnorte
1308 3664 1359 3719 pr-

265 3714 366 3764 riturus
386 3713 438 3784 ert)
457 3713 500 3763 itti
514 3712 566 3781 ipsi
580 3711 671 3778 igitur,
684 3712 792 3779 cognito
809 3714 932 3775 veritate,
952 3716 1100 3769 adorarunt
1111 3724 1141 3769 et
1157 3720 1279 3770 venerati
1297 3726 1360 3770 runt

266 3782 405 3851 apostolor
421 3784 466 3835 rei
484 3798 649 3834 successores
666 3789 693 3832 et
711 3780 858 3851 discipulos
876 3794 1078 3856 cernuntque
1096 3786 1280 3853 crediderunt,
1299 3806 1360 3841 eum

265 3870 358 3904 verum
378 3852 459 3906 deum
480 3861 509 3905 et
527 3851 663 3904 Christum
683 3860 712 3903 et
730 3852 817 3904 filiurn
838 3852 883 3905 dei
906 3856 959 3908 rivi
981 3872 1054 3920 erre,
1074 3874 1106 3909 nc
1125 3858 1256 3927 lugebant
1273 3869 1302 3913 et
1319 3859 1361 3911 la-

266 3922 460 3975 mentabantur
474 3922 509 3975 de
526 3932 649 3991 ternpore
669 3924 836 3990 praeterito,
864 3942 918 3994 quo
937 3924 1057 3981 tenebris
1077 3936 1105 3979 et
1122 3930 1258 3981 erroribur
1282 3932 1361 3982 Sota·

266 4009 317 4043 nae
337 3991 460 4045 obstricti
482 3994 598 4045 fuerunt.
642 3990 709 4044 deus
733 4000 824 4045 autem
843 3996 960 4063 optimu·
989 4006 1018 4051 et
1042 3998 1192 4051 misericors
1210 4000 1362 4071 recipiebat

266 4064 446 4116 mutationem
464 4066 563 4121 mentio
581 4079 690 4127 eorum,
710 4072 739 4116 et
754 4062 805 4117 bor
830 4063 917 4134 ipsos,
936 4068 984 4136 qui
1010 4068 1246 4139 persequebantur
1262 4088 1362 4123 nomen

268 4132 379 4200 Christi,
396 4141 519 4205 pertorer
537 4145 566 4189 et
582 4135 724 4207 magistron
744 4143 774 4189 et
798 4136 909 4190 nuntior
935 4136 1012 4197 verbi
1030 4148 1058 4195 et
1075 4140 1191 4195 nominis
1218 4142 1260 4195 rui
1279 4144 1363 4197 incit-
