3042 4817
564 314 638 377 un.
658 316 683 376 ι.
712 312 887 379 ceexu.
1213 281 1268 371 53

176 465 265 554 λύσῃ
285 460 333 531 ἔτι
350 464 386 529 δν
412 459 550 553 εήδδρῖ.
600 460 699 539 odric
728 463 766 528 di
784 461 916 529 πόντοιο
940 460 987 550 τιή
1002 460 1060 547 τῆς
1075 463 1180 549 δρχής
1198 484 1269 545 ερε-

175 564 317 651 φόμενος
337 560 435 647 ἔρωτι
462 566 519 629 κατ’
545 562 591 640 εδς
609 570 723 647 χεῖρας
752 561 874 647 ταότην
895 558 1004 644 λοβόν
1033 563 1128 627 olidis
1150 562 1269 647 δφρόν-

174 667 244 744 τιζε
261 666 337 749 περὶ
359 655 405 729 ὧν
434 660 452 727 δ
473 659 625 744 βασιλεός
646 662 701 729 καὶ
727 661 834 746 πατήρ
854 656 1013 748 ἔγραφεν,
1033 659 1116 727 aut
1132 664 1269 743 μᾶλλον,

174 762 222 839 ὥς
242 760 315 851 εἴπῃ
335 786 404 843 τις,
435 759 495 836 τός
516 764 575 827 rori
595 760 714 845 πατρὸς
742 762 928 845 προστάξεις
948 762 1005 825 κατ’
1021 756 1149 847 γραφός
1171 758 1216 836 ὥς
1234 760 1271 827 δν

145 860 273 928 ὄδδατι
289 862 508 947 γεγραμμένας
527 856 697 943 ἐλογίσατο.
739 854 880 934 dame
896 860 934 925 dl
952 860 1058 925 εαδια
1078 862 1113 925 δν
1130 860 1169 945 τῇ
1187 860 1270 925 Θεσ-

175 963 324 1049 σαλονίκῃ
359 960 418 1046 scip
441 962 603 1044 Μανουήλ
623 956 641 1025 ὃ
660 959 821 1043 νειδτερος·
833 955 923 1041 υἱός,
952 956 1031 1040 μετὰ
1052 960 1197 1043 σπουδής
1215 955 1273 1025 sol

172 1064 359 1145 προθυμίας
377 1056 515 1136 συνόξας
533 1057 687 1143 χρήματα
706 1056 807 1122 πολλὰ
827 1056 883 1123 τόν
901 1054 1043 1141 α’ριδμδν
1058 1060 1198 1143 χρυσιλιο
1215 1061 1273 1124 sos*

172 1158 329 1245 dpyupiou
350 1154 394 1235 ὥς
413 1154 461 1223 ἔνι
479 1148 542 1223 ααό
555 1157 694 1242 τριήρεις
715 1152 904 1239 ἑτοιμάσας,
921 1155 1024 1239 δμβός
1044 1157 1080 1223 ἒν
1098 1159 1137 1247 τῇ
1152 1157 1271 1247 least,

172 1258 233 1323 τόν
249 1260 367 1338 πλοῦν,
392 1250 473 1320 ineo
502 1248 543 1341 ήν
566 1254 584 1319 δ
611 1256 735 1339 πατήρ,
766 1254 914 1342 ἐποίησε·
967 1257 1024 1321 soi
1048 1256 1271 1342 προσκυνήσας

124 1355 275 1423 ιοαόεόν
294 1360 350 1421 sui
380 1355 599 1441 καταφιλήσας
623 1364 738 1439 χεῖρας
757 1357 814 1420 κατ’
842 1352 963 1435 πόδας,
993 1357 1051 1421 κατ’
1076 1364 1144 1432 τοῖς
1163 1358 1270 1432 δανει-

171 1464 267 1531 σταῖς
295 1452 331 1521 τό
355 1452 480 1520 δόνεισν
509 1452 629 1535 δοόσας,
657 1453 713 1518 τὸν
731 1458 853 1541 πατέρα
882 1457 937 1520 καὶ
952 1458 1089 1538 βασιλέα
1107 1454 1217 1537 λαβιόν
1233 1458 1270 1521 όν

169 1556 211 1642 τῇ
226 1550 562 1621 Κανοταντινουπόλει
581 1556 810 1639 ἑπανέστρεψι.
853 1553 1043 1639 διὰταύτην
1061 1548 1120 1619 oda
1139 1552 1197 1639 τήν
1217 1556 1269 1619 αδ-

169 1658 247 1719 aius
266 1655 323 1719 sui
340 1649 503 1735 sinereris
529 1650 729 1735 δΜανουήλ
759 1649 800 1718 τό
824 1656 959 1735 μέγιστα
987 1649 1050 1717 eiad
1072 1655 1130 1719 rosi
1148 1650 1270 1737 πατρός

170 1756 230 1818 ναὶ
253 1750 358 1839 πόσης
382 1754 438 1838 τής
461 1750 635 1834 συγκλήτου
661 1742 703 1834 ήν
730 1747 936 1835 φιλοόμενος,
963 1746 982 1814 ό
1015 1752 1052 1817 δὲ
1071 1746 1269 1832 Ἀνδρόνικος

124 1849 234 1920 ι5δπδ
256 1855 318 1919 τοῦ
339 1848 531 1935 πατρδςκαὶ
547 1846 611 1913 dud
632 1847 758 1915 πάντων
777 1840 818 1932 ἧν
835 1845 1039 1931 μισούμενος.
1092 1847 1148 1914 soi
1166 1847 1185 1914 ό
1206 1872 1268 1917 πα-

169 1950 230 2036 ιήρ
252 1948 314 2017 σόν
334 1953 376 2037 τῇ
396 1945 560 2037 συγκλήτῳ
581 1948 667 2036 πόσῃ
695 1944 750 2011 τὸν
773 1944 936 2031 Μανουήλ
963 1949 1011 2023 εἰς
1030 1951 1166 2032 βασιλέα
1184 1949 1268 2033 λψρ-

169 2050 311 2137 φόσατο,
331 2046 388 2115 τόν
408 2051 445 2114 di
462 2049 660 2131 Ἀνδρόνικον
677 2042 854 2112 δπιόσαντο.
894 2049 952 2112 aui
969 2050 1158 2131 προσμένειν
1177 2050 1267 2136 ἐντή

167 2148 260 2213 πόλει
282 2145 461 2231 προστάξας
493 2144 638 2231 όπατήρ
668 2144 725 2210 soi
748 2148 894 2229 ἐρυθροῦ
923 2148 1057 2213 πεδίλου
1085 2148 1261 2229 μετέδωκεν

168 2249 260 2337 αδτρῖ
271 2295 281 2331 ,
306 2250 365 2313 καί
390 2246 537 2327 διάδοχος
562 2248 619 2330 τής
636 2245 802 2327 βασιλείας
828 2244 892 2309 dud
921 2245 1049 2326 πόντιον
1067 2248 1191 2329 όλδγετσ
1212 2241 1260 2313 al·

119 2370 234 2414 αοεαι.
277 2342 295 2411 ό
322 2349 358 2411 di
389 2341 545 2429 δεσπότης
573 2342 633 2428 κόρ
663 2341 864 2427 Ἀνδρόνικος
894 2343 913 2409 δ
936 2341 1055 2430 τυφλὸς
1073 2341 1264 2428 μαινόμενος

165 2440 271 2537 deae?
292 2448 388 2533 θυμῷ
408 2446 463 2509 κατ’
480 2448 525 2532 rqi
546 2444 628 2531 ζήλιρ
649 2444 705 2509 κατ’
722 2440 781 2527 τήν
799 2442 928 2509 deserte
945 2448 1054 2527 βσιδν,
1076 2443 1134 2510 aui
1150 2448 1188 2510 δε
1206 2448 1264 2531 τής

165 2543 428 2632 περιφρονήσεως
457 2542 631 2627 περιαλγής
662 2545 793 2627 ἐγένετο.
850 2545 1126 2628 διισχυριζόμενος
1155 2543 1262 2629 §leym

165 2641 220 2709 δτι
240 2643 322 2709 κατὰ
357 2642 433 2719 code
459 2641 576 2723 νόμους
600 2642 774 2724 Ῥωμαίων
799 2643 888 2723 τόξιν
907 2664 944 2706 τι
974 2642 1030 2709 καὶ
1048 2644 1261 2731 σονήθειανή

163 2745 318 2829 βασιλεία
333 2738 437 2831 ἑαυτῷ
464 2741 520 2809 κατ’
544 2746 588 2831 τῷ
608 2740 668 2835 uiqi
688 2741 791 2809 αότοδ
815 2740 950 2828 ἁρμόζει
969 2742 1015 2821 de
1033 2742 1259 2832 πριοτοτδιοις,
1280 2762 1311 2817 13

239 2917 266 2956 α.
283 2900 379 2975 λαγόν
397 2901 472 2975 εἶχεν
491 2900 577 2961 οὐδὲν
593 2902 622 2957 Μ

164 3030 269 3083 litteris
278 3030 426 3089 mandavit.
436 3040 467 3085 ut
477 3032 620 3101 pecuniam
629 3030 681 3085 eibi
695 3032 857 3087 mittendam
868 3038 984 3095 cureret,
1002 3048 1058 3104 que
1067 3048 1113 3086 ees
1128 3032 1259 3100 alienum,

164 3102 243 3172 qnod
255 3104 442 3165 contraxisset,
458 3104 577 3155 solveret
591 3111 620 3155 et
635 3104 663 3155 in
682 3103 772 3156 reditu
784 3112 902 3157 srrmtum
915 3103 1025 3157 laceret.
1044 3112 1074 3157 et
1091 3104 1150 3168 ille,
1159 3121 1259 3175 perpe-

164 3180 215 3225 tuo
228 3174 336 3243 imperii
353 3190 445 3225 amore
461 3173 575 3242 flagroue
592 3183 676 3244 utque
692 3190 773 3227 manu
786 3175 817 3227 id
834 3183 939 3238 teneus,
957 3174 1028 3227 nihil
1045 3175 1165 3239 curabat,
1182 3174 1259 3245 quod

163 3243 310 3297 mandarat
327 3251 420 3313 pater,
438 3244 488 3295 sed
506 3245 563 3295 eius
584 3245 655 3297 iussa
673 3245 702 3297 in
721 3262 808 3315 aqua,
826 3252 859 3297 ut
875 3246 1007 3314 quispiam
1024 3245 1137 3308 dixerit,
1156 3246 1259 3315 scripta

164 3315 348 3367 existimabat.
367 3324 396 3367 ut
413 3313 623 3368 Thessalonicae
641 3314 715 3368 filius
733 3318 822 3368 minor
838 3316 957 3379 llenuel,
973 3332 1003 3367 re
1021 3324 1175 3384 comperta,
1189 3324 1259 3369 stre-

163 3402 220 3436 nue
237 3402 270 3437 ac
289 3384 409 3438 studiose
427 3385 486 3436 auri
509 3386 668 3456 argentique
690 3396 822 3457 quantum
848 3396 957 3456 poteret
980 3387 1162 3455 conquisivit,
1179 3402 1258 3456 para·

163 3456 257 3525 tisque
278 3456 441 3519 triremibus,
465 3456 494 3510 in
511 3457 619 3508 ltaliam
645 3455 680 3508 ad
697 3467 802 3543 patrem
826 3474 933 3509 cursum
950 3457 1076 3510 λιιειιδίι
1103 3465 1258 3509 reverenter

165 3542 228 3577 enm
248 3526 392 3592 salutarit,
410 3542 504 3579 manue
523 3526 662 3597 pedesque
680 3543 739 3581 erus
758 3529 909 3591 osculatus,
932 3545 964 3579 ac
985 3528 1115 3597 pecunia,
1139 3527 1259 3580 credito·

164 3597 241 3650 ribus
270 3614 342 3667 quae
358 3597 524 3660 debebatur,
544 3605 699 3662 numerata,
717 3616 779 3651 cuna
799 3598 896 3649 eodem
912 3598 1020 3668 cpolim
1036 3596 1127 3653 rediit.
1146 3607 1259 3669 propter

164 3666 236 3721 lianc
255 3684 363 3721 causam
379 3678 408 3721 et
426 3670 557 3739 pietatem
575 3668 686 3720 llauuel
704 3686 720 3721 a
739 3678 818 3739 petre
835 3678 865 3721 et
876 3670 1003 3721 universo
1020 3677 1116 3721 senato
1134 3686 1190 3722 non
1208 3670 1260 3720 mi-

164 3754 216 3792 uus
238 3738 418 3808 diligebatur,
456 3756 517 3791 uum
536 3738 632 3791 iisdem
657 3754 753 3793 exosus
782 3748 842 3791 erat
855 3739 1040 3792 Andronicus:
1072 3738 1162 3803 uude,
1189 3741 1259 3792 reie-

163 3817 209 3861 cto
229 3810 398 3874 Andronico,
424 3756 568 3863 idanuels
593 3818 672 3879 patre
696 3818 725 3863 et
750 3818 848 3863 senatu
878 3812 1026 3879 imperator
1042 3810 1214 3880 designatus,
1229 3811 1260 3863 in

163 3880 233 3931 urbe
262 3896 374 3933 mouere
397 3880 520 3943 iubetur,
548 3888 577 3933 et
600 3882 744 3949 purpureis
773 3887 885 3933 ornatur
910 3880 1101 3933 ulcemenu·
1123 3890 1207 3951 atque
1224 3879 1260 3934 eb

163 3950 291 4004 omnibns
315 3950 432 4003 habetur
455 3950 533 4003 heres
558 3950 674 4019 imperii.
703 3959 797 4003 contra
825 3961 920 4004 caecus
944 3951 998 4005 iste
1024 3950 1194 4005 Andronicus
1219 3952 1260 4006 ire

164 4021 326 4093 invidiaque
343 4022 462 4073 inuenire
473 4030 501 4073 et
513 4021 639 4073 iniuriam
657 4021 710 4073 sibi
726 4022 829 4075 illatam
839 4023 964 4086 clamare,
982 4030 1148 4075 contemtum
1162 4020 1261 4075 acerbe

163 4090 251 4153 ferre,
268 4100 353 4161 atque
379 4092 519 4156 dictitare,
547 4092 705 4160 elegibus,
732 4094 867 4145 institutis
889 4101 919 4145 et
936 4092 1059 4145 moribus
1079 4094 1259 4145 Romanorum

165 4162 218 4217 sibi
233 4178 266 4217 ac
285 4164 344 4218 lilio
360 4179 427 4229 suo,
443 4172 474 4219 ut
491 4163 692 4236 primogenitis,
717 4164 861 4235 imperium
879 4162 990 4231 deberi,
1011 4172 1122 4239 epatre
1142 4164 1261 4234 impere-
