3042 4817
536 294 613 355 trs.
633 294 687 354 ιν.
715 288 808 355 εει.
826 292 883 354 ιιι.
1165 257 1252 370 3ος)

168 434 327 524 ἠρνήσατο
350 434 405 503 καί
421 430 508 505 εἶπεν
528 434 579 505 ῦτι
601 440 694 520 ῦμεῖς
715 440 820 519 λέγετε
840 438 947 505 τοῦτο.
969 439 1025 502 καί
1044 439 1158 525 φέρετε
1178 435 1256 501 αύτό
1348 448 1353 460 “

169 541 216 613 τίς
233 543 414 623 μαρτυρίαν
443 543 516 606 καθ’
539 539 646 629 ᾔμιῦν,
677 544 730 604 ἴνα
751 540 871 623 θείξρτε
901 537 941 602 τύ
963 542 1039 620 παρ’
1059 534 1151 618 ύμιῦν
1172 532 1261 618 λεγό-

167 660 250 718 μενα
273 639 388 724 α’ληθῆ.
420 641 522 704 ταῦτα
538 642 615 723 γοῦν
631 648 750 703 ποιεῖτε
766 636 829 703 sini
849 640 906 703 τοῦ
926 635 971 722 μὴ
991 636 1154 720 γινώσκειν
1174 632 1260 716 ύμῦς

168 735 226 811 τὰς
246 736 391 823 γραφάς·
441 742 474 804 εἰ
493 737 556 823 γὰρ
577 737 763 823 εὑρίσκεσθε
784 734 979 817 ἐξετάζοντες
998 736 1052 801 καί
1073 738 1260 817 ἐρευνῶντες

139 836 228 909 ὄτάς
251 834 381 922 γραφὰς
401 838 445 913 ὥς
465 840 533 918 δεῖ,
563 838 622 901 ουίι
642 832 683 901 siv
706 838 914 922 ἐπλανήθητε.
957 830 1043 918 ὅμως
1064 836 1182 921 οἷφίημι
1203 834 1260 897 τοῦ

170 938 273 1017 λέγειν
294 936 376 999 sassi
397 937 434 1001 τύ
454 936 556 1023 παρὸν
574 936 630 1012 τὰς
650 936 705 1000 αἴτι’
728 938 832 1019 ἀρχῆς
854 938 914 1001 τοῦ
926 938 1045 1017 κόσμον
1065 931 1257 1015 μαρτυρίας,

170 1035 289 1109 αἵτινες
322 1037 523 1120 ἐλαλήθησαν
556 1040 631 1120 περί
654 1039 714 1101 τοῦ
735 1037 899 1118 Χριστοῦ,
933 1032 1132 1099 δεικνύουσαι
1161 1030 1261 1095 αύτύν

170 1129 244 1196 siti
265 1136 345 1198 θεοῦ
364 1136 421 1199 καί
437 1134 514 1199 θεὸν
534 1136 590 1201 καί
618 1130 797 1218 ῦνθρωιιον,
825 1135 944 1209 πολλὰς
965 1128 1080 1209 ούσας·
1122 1128 1172 1194 sisu*
1196 1126 1258 1194 cinti

168 1231 288 1295 τούτων
313 1233 493 1317 φθάσαντες
520 1234 658 1317 εἴπωμεν
687 1234 821 1318 μερικύς
846 1260 943 1311 τινας.
998 1228 1084 1313 ὅμως
1106 1234 1186 1313 λέγω
1207 1229 1264 1293 καὶ

120 1333 284 1413 τοτοῦτο,
307 1328 357 1397 ῦτι
386 1336 428 1397 ού
445 1338 485 1399 δι’
507 1330 585 1399 ἄλλο
605 1358 636 1400 τι
661 1331 868 1419 ἐσταύρωσαν
888 1334 916 1399 οἱ
932 1333 1081 1399 Ἰουδαῖοι
1102 1328 1156 1397 τὸν
1176 1332 1261 1412 Χρι·

170 1427 244 1493 στὸν
265 1426 289 1517 ἢ
308 1428 357 1497 ὅτι
378 1434 538 1499 ἐδείκνυεν
557 1430 674 1500 ἑαυτὸν
694 1436 771 1500 θεόν
789 1458 823 1499 τε
844 1434 900 1499 καί
920 1426 1088 1519 ῦνθρωπον
1108 1432 1165 1495 καί
1182 1431 1263 1494 θεοῦ
1282 1500 1286 1513 Ι

170 1526 262 1613 υἱόν,
283 1530 340 1597 καί
359 1536 403 1619 τῇ
421 1536 482 1613 μὲν
510 1532 614 1617 ἔλεγεν
641 1528 689 1598 ὅτι
711 1533 730 1597 si
760 1535 817 1613 ἐμὲ
838 1536 971 1615 θεωροῦν
991 1536 1111 1615 θεωρεῖ
1127 1527 1183 1593 τόν
1201 1542 1290 1594 ιτα-Β

168 1632 248 1714 τέρα
267 1652 340 1711 μου,
361 1636 406 1721 τῇ
434 1635 471 1697 δὲ
493 1629 541 1698 ὅτι
559 1631 620 1717 ε’γιῦ
644 1634 700 1697 καί
718 1632 737 1696 e‘
757 1629 861 1715 πατήρ
884 1656 947 1712 μου
981 1628 1017 1693 iit
1036 1633 1141 1707 ε’σμεν,
1163 1630 1206 1714 uf]
1225 1629 1262 1693 δὲ

170 1724 220 1793 ὅτι
241 1734 272 1794 εἰ
291 1734 348 1811 ε’μὲ
369 1733 549 1814 ε’γντύκειτε,
577 1735 634 1797 καί
660 1730 718 1797 τὸν
738 1736 862 1813 πατέρα
881 1753 946 1810 μου
967 1726 1127 1811 ἐγνώκειτε
1148 1720 1198 1808 sis,
1220 1730 1264 1813 ιιῇ

120 1830 208 1893 τ5δὲ
227 1828 384 1907 ὥσαύτως
414 1827 463 1895 siu
483 1830 541 1895 ἐάν
563 1854 611 1906 τις
636 1829 692 1895 τύν
712 1827 805 1915 λύγον
828 1852 893 1910 μου
914 1831 1045 1917 τηρήσῃ,
1065 1824 1205 1893 θάνατον
1223 1827 1265 1891 ού

168 1925 214 2012 μή
236 1926 387 2018 θεωρήσῃ
407 1933 452 2004 εἰς
472 1928 527 1995 τὸν
546 1932 657 2012 αι’ῦνα,
679 1929 735 1995 καί
751 1931 896 2012 ἀλλαχοῦ
909 1924 956 1993 ὅτι
978 1929 1146 2013 ἀφέωνταί
1161 1950 1212 1991 σοι
1229 1922 1264 1991 αἶ

169 2027 335 2113 ἁμαρτίαι.
378 2026 459 2113 ὅπερ
485 2033 682 2113 θεωροῦντες
711 2027 741 2095 οἱ
760 2031 910 2096 Ἰουδαῖοι
931 2026 1036 2111 ε’λεγον
1052 2024 1131 2112 πρὸς
1152 2022 1261 2105 αύτύν,

168 2125 241 2193 τίνα
259 2125 396 2191 σεαυτόν
424 2137 544 2209 ποιεῖς;
573 2122 740 2214 ἄνθρωπος
769 2125 814 2193 ‹sis›
832 2138 934 2204 ποιεῖς
954 2125 1089 2201 σεαυτὸν
1116 2124 1212 2206 θεόνς
1231 2124 1269 2191 τί

170 2227 209 2289 δὲ
229 2224 247 2289 ὃ
265 2223 409 2311 Χριστὸς
430 2222 533 2308 sium,-
556 2223 573 2291 ύ
595 2226 755 2293 πιστεύων
781 2230 827 2303 εἰς
846 2230 903 2309 ἐμὲ
924 2222 983 2291 νύν
1004 2228 1149 2314 α’ποθιίνῃ
1169 2226 1262 2309 ζήσε.

115 2343 244 2389 nosce·
286 2325 342 2390 καί
363 2321 467 2408 ὥσπερ
494 2323 511 2389 ὅ
534 2326 635 2411 πατὴρ
650 2326 766 2410 ἐγείρει
786 2324 859 2402 τούς
880 2324 1008 2411 νεκρούς
1029 2328 1085 2390 καί
1104 2326 1262 2410 ζωοιιοιεί,

170 2420 275 2500 οῦτως
295 2429 350 2489 καί
376 2422 394 2490 si
414 2423 483 2501 υἱὸς
507 2425 564 2501 οῦς
590 2430 678 2491 θέλει
699 2429 868 2506 ζωοποιεῖ·
922 2428 977 2491 καί
997 2419 1045 2490 ὅτι
1066 2424 1171 2501 suisti
1195 2418 1263 2491 sits

169 2520 228 2588 τύν
250 2520 320 2588 υἱὸν
339 2524 371 2588 εἰ
385 2522 431 2609 μὴ
452 2523 470 2588 ὅ
491 2524 608 2610 πατήρ,
628 2526 702 2590 οῦδὲ
726 2524 782 2592 τὸν
799 2527 922 2609 πατέρα
943 2550 992 2603 τις
1011 2523 1149 2611 ἑώρακεν
1169 2527 1201 2591 εἰ
1216 2522 1262 2609 μὴ

170 2617 191 2685 c‘
213 2618 285 2699 υἱῦς
303 2615 403 2711 καίρῖ
422 2621 572 2705 βούλεται
589 2623 608 2689 c‘
625 2620 696 2701 υἱὸς
725 2622 943 2708 α’ποκαλύψαι.
984 2622 1099 2709 tysis
1121 2621 1263 2710 Χριστὸς

243 2826 270 2881 ρ
288 2806 391 2883 μερικά
407 2808 502 2866 stru?
575 2825 616 2881 ορ
633 2808 714 2870 εἶπεν
730 2810 814 2863 ουτΡ

174 2952 259 3016 disse,
277 2953 437 3007 testimonio
467 2952 520 3007 hoc
544 2954 673 3007 adversus
698 2971 748 3008 nos
772 2956 828 3019 usi,
858 2972 913 3026 quo
932 2968 1002 3026 quus
1019 2953 1070 3023 ipsi
1089 2952 1180 3007 dicitis
1198 2968 1262 3005 vers

174 3039 236 3077 esse
254 3022 413 3077 ostendatis.
440 3032 470 3077 st
486 3024 539 3076 hoc
556 3025 667 3095 quidem
685 3043 718 3077 es
734 3027 839 3078 inscitia
856 3042 989 3078 sacrarum
1009 3026 1146 3078 literarum
1165 3024 1263 3079 fecitis:

175 3110 244 3163 quis
266 3095 290 3146 si
308 3095 504 3163 investigaretis
524 3103 553 3147 et
568 3098 762 3161 scrutaremini,
783 3101 814 3149 ut
834 3096 922 3161 decet,
940 3096 1140 3149 concussistis
1161 3095 1261 3148 forsan.

174 3163 226 3215 sed
243 3164 340 3217 omitto
354 3182 426 3217 nunc
443 3164 555 3236 quidem
571 3166 664 3219 iudea
677 3184 764 3219 rerum
782 3166 914 3238 principio
932 3181 1002 3237 quae
1019 3164 1053 3219 sle
1071 3166 1177 3219 Christo
1195 3183 1262 3236 pru-

175 3236 302 3289 assuat·
322 3244 387 3288 sunt
412 3237 546 3306 permulta
572 3238 742 3301 testimonia,
766 3254 837 3308 quse
865 3256 926 3291 sum
946 3238 1032 3289 filium
1060 3236 1104 3289 dei
1126 3246 1155 3289 et
1179 3237 1264 3289 deum

175 3314 207 3358 st
232 3305 370 3359 hominem
395 3324 454 3359 esse
481 3308 683 3361 demonstrant:
706 3318 789 3376 etque
818 3308 874 3361 iliis
899 3308 1019 3371 relictis,
1047 3308 1115 3359 sliss
1139 3307 1264 3376 singula-

175 3392 221 3429 res
246 3376 374 3447 quasdam
401 3379 674 3431 commemorabimus.
708 3379 762 3431 hoc
781 3386 872 3431 tamen
898 3378 1023 3441 monebo,
1051 3396 1106 3431 uon
1126 3380 1205 3431 elisur
1226 3377 1263 3431 ob

175 3464 284 3500 csussm
306 3447 420 3501 ludaeos
440 3450 575 3501 Christum
600 3451 673 3503 cruci
698 3450 828 3515 affixisse,
853 3468 932 3521 quam
957 3449 1031 3519 quod
1057 3450 1192 3513 deutrus,
1212 3447 1265 3501 ho-

175 3519 278 3571 miuem
308 3527 338 3572 et
364 3520 409 3572 slei
441 3521 528 3573 iiiium
562 3538 622 3573 esse
650 3522 832 3591 praedicaret,
859 3530 888 3574 et
919 3521 1008 3573 dicere
1037 3520 1151 3573 eundem
1181 3520 1267 3585 stibi,

175 3591 227 3659 qui
253 3590 341 3659 ipsum
365 3590 472 3655 videat,
498 3609 560 3644 sum
585 3601 689 3661 putrem
718 3609 795 3645 suum
820 3592 932 3656 videre,
961 3584 1043 3653 aiibi,
1070 3607 1098 3643 se
1117 3599 1145 3644 et
1158 3598 1264 3662 putrem

176 3676 262 3711 ursum
280 3677 356 3724 esse,
381 3662 464 3726 stibi,
488 3664 511 3713 si
538 3679 567 3716 se
586 3680 740 3727 nossemus,
758 3680 838 3715 nosse
863 3678 914 3715 ιιοι
937 3671 1048 3731 putrem,
1067 3662 1144 3726 stibi,
1164 3660 1265 3732 siquis

174 3739 321 3801 praecepta
337 3748 385 3782 sua
402 3732 556 3797 observarit,
575 3750 637 3785 eum
649 3750 788 3803 nunquam
797 3742 908 3786 mortem
922 3734 1049 3795 visurum,
1064 3732 1130 3784 stibi
1145 3732 1265 3801 ‹leuiqus

175 3808 289 3869 :egroto
300 3800 415 3862 cuidam,
432 3814 543 3873 peccata
553 3804 706 3857 condonata
717 3806 744 3857 ei
755 3821 820 3856 esse.
841 3820 911 3875 quae
926 3820 1009 3874 quum
1022 3801 1267 3857 animadverterent

175 3870 280 3933 ludaei,
299 3882 442 3939 rogarunt,
459 3876 568 3943 qualem
588 3892 617 3927 se
637 3876 755 3927 faceret?
790 3892 880 3927 annun
901 3874 981 3926 deum
1001 3891 1030 3925 ss
1050 3874 1160 3939 fuceret,
1202 3890 1267 3927 uum

175 3940 259 3993 Ιιοιοο
277 3943 367 3994 esset?
384 3941 453 4013 quisi
470 3952 527 3996 tum
536 3946 680 3999 Christus?
695 3945 782 3997 “mihi
799 3948 846 4015 qui
858 3944 939 3997 iidem
950 3944 1042 4007 hebet,
1059 3946 1139 4010 visst,
1160 3945 1266 3999 etiamsi

175 4021 300 4067 mortuus
318 4014 372 4076 sit;
397 4015 467 4066 sicut
494 4026 574 4085 pater
591 4019 701 4070 suscitet
723 4025 751 4069 et
776 4018 805 4068 in
831 4016 911 4069 vitam
933 4024 1041 4067 revocut
1067 4016 1208 4079 cadevera,
1227 4016 1266 4068 its

176 4084 250 4137 filius
272 4100 398 4155 quoque.
416 4102 484 4155 quos
509 4088 560 4155 ipsi
580 4089 682 4157 piacet3
710 4104 791 4139 nemo
823 4087 906 4139 filium
937 4087 1027 4148 novit,
1045 4088 1099 4139 uisi
1114 4096 1198 4159 puter,
1214 4102 1266 4137 nec

174 4162 281 4225 petrem
299 4158 444 4229 quisquam
462 4156 539 4225 vidit,
555 4160 612 4214 nisi
628 4159 702 4214 filius
722 4168 752 4213 et
776 4160 797 4213 si
817 4160 860 4211 eui
874 4157 980 4229 detegit
997 4156 1096 4213 filius.”
1129 4159 1265 4210 innuero
