3042 4817
528 318 600 379 un.
631 320 656 380 r.
685 316 775 382 cru».
796 322 822 380 ι.
1191 318 1224 401 ρ
1341 275 1345 288 ’

135 466 186 533 ἐπὶ
208 466 244 533 τύ
266 462 390 550 στῆθός
407 488 469 547 μου
491 467 672 544 θέλξωμαι·
724 466 781 531 κατ’
797 468 915 544 ἐλπίζω
935 469 982 543 εἰς
999 466 1053 532 τύν
1069 470 1146 533 θεὸν
1165 468 1222 533 τύν

135 566 344 649 λυτρούσαντα
371 564 447 641 τούς
476 572 562 647 τρεῖς
584 569 701 642 παῖδας
723 570 758 631 ἐκ
777 572 832 649 τῆς
852 567 969 651 φλογὸς
988 570 1045 651 τῆς
1063 572 1221 648 καμίνου·

135 666 225 731 καέύ
247 666 432 740 ἐλύθαστος
452 660 542 729 καέύ
565 658 731 749 ύκσέμηιος
755 668 869 743 ἐκεῖνος
890 666 1055 751 ὀφθαλμός
1062 716 1073 747 ,
1093 667 1109 731 ri
1131 670 1223 750 ἐρευ-

136 770 200 830 νῶν
219 765 353 849 καρδίας
379 768 435 829 καί
454 760 608 849 νεφρούς,
633 762 725 841 εἰδούς
749 758 797 829 ὅτι
825 759 899 829 ούτε
929 763 1129 851 ἐνεθυμήθην
1149 762 1224 832 ούτι

107 864 327 947 mamam
359 862 437 947 περὶ
471 853 517 927 eir
546 886 588 943 με
618 864 758 951 ἐρωτᾷς,
795 865 929 949 φυλάξει
963 890 1024 947 με,
1058 866 1090 931 εἶ
1117 867 1223 947 τύχοι,

138 962 266 1045 ἀβλαβῆ
285 964 322 1027 ἐκ
340 964 399 1027 τού
417 959 518 1044 πυρὸς
538 965 597 1026 τοῦ
616 965 812 1041 καιομένου.”
851 964 935 1045 λέγει
954 964 991 1030 δέ
1010 964 1096 1051 αύτῷ
1117 963 1135 1027 ύ
1155 967 1224 1029 ἐπί-

138 1082 253 1137 σκοπος
268 1060 362 1136 “τσι”ς
376 1060 545 1141 Ῥωμαίοις
564 1059 621 1125 καὶ
635 1068 700 1138 τοῖς
718 1070 831 1147 σοφοῖς
847 1058 991 1147 Ἕλλησιν
1010 1066 1068 1127 ούκ
1084 1060 1153 1129 ἔστι
1171 1060 1224 1127 νύ-

137 1181 198 1237 μος
215 1160 292 1225 ούέἐ
311 1157 385 1236 ἔθος
406 1161 458 1225 ἵνα
481 1158 677 1241 βασανίζωσι
696 1158 772 1235 τούς
788 1162 1036 1243 ἐξεταζομένους,
1056 1160 1112 1226 κατ’
1128 1159 1225 1241 μύλι-

138 1282 198 1323 στα
228 1258 306 1335 τούς
338 1261 495 1341 εύγενεῖς,
529 1258 700 1335 ύσαύτως·
752 1256 831 1324 sitici
863 1258 1059 1343 βαρβαρικόν
1089 1264 1156 1325 ἐστι
1187 1258 1222 1325 τύ

96 1384 129 1422 ro
138 1360 271 1440 πρᾶγμα
301 1354 356 1421 καὶ
375 1350 515 1438 ύτοπον,
544 1361 599 1423 καί
625 1358 750 1435 ἐθνικὸς
776 1355 937 1438 ύνύμος.”
977 1362 1062 1440 λέγει
1082 1361 1117 1423 δέ
1138 1360 1225 1446 αύτῷ

138 1453 344 1541 ύΚομκηνύς
358 1451 469 1539 “ἐπεί,
498 1452 567 1540 ἅγιε
587 1460 744 1538 δέσποτα,
766 1457 825 1521 ούκ
843 1455 926 1525 ἐστιν
943 1454 1017 1531 ἐθος
1040 1450 1109 1522 ούτε
1130 1454 1226 1539 νόμος

133 1552 346 1637 Pepercisse&
378 1548 466 1620 εἶπόν
483 1578 555 1638 σοι,
585 1553 694 1631 καθύς
718 1560 836 1639 λέγεις,
868 1554 951 1635 ἐμοὶ
970 1559 1033 1621 τῶν
1052 1558 1225 1639 βαρβάρων

136 1653 192 1717 xus*
211 1656 276 1718 τούν
297 1656 414 1735 ἐθνῶν,
443 1652 528 1737 κε’γού
546 1658 585 1741 τῇ
603 1651 713 1738 χύριτι
741 1658 798 1720 τού
818 1656 962 1736 Χριστού
982 1654 1129 1730 τααεινύς
1145 1650 1227 1720 Ῥω·

135 1760 231 1831 μσϊος
253 1753 338 1835 εἰμι’,
359 1750 415 1817 καί
434 1755 618 1839 α’νακρτνατέ
641 1776 683 1834 με
702 1756 758 1819 καί
777 1749 941 1831 ἐξετύσοτέ
957 1775 1018 1834 με,
1044 1754 1074 1817 εἰ
1094 1754 1130 1840 τῇ
1148 1752 1227 1832 ύμε·

95 1852 212 1939 ιὸτέρφ
241 1854 341 1938 βουλῇ
372 1850 506 1933 οἶρεστόν
535 1855 624 1932 ἐστι,
650 1849 732 1916 κατὰ
754 1848 871 1931 νόμους
894 1850 1061 1930 Ῥωμαίων
1082 1853 1138 1917 κατ’
1156 1847 1225 1934 ἔθη.

136 1947 192 2013 καὶ
211 1951 241 2015 εἰ
257 1952 318 2031 μὲν
337 1954 476 2032 νομιᾍιως
494 1939 593 2028 αἴτιος
611 1950 736 2036 seips-‘toi
763 1952 952 2035 καταδίκης,
971 1947 1058 2025 ἐλεος
1079 1947 1123 2033 μὴ
1145 1946 1250 2032 ἐσεωρ

137 2072 211 2129 μοι·
266 2051 299 2113 εἰ
325 2052 361 2115 δέ
393 2048 448 2113 καέ
467 2050 608 2124 εἶναι’τιος
637 2048 720 2114 κατὰ
741 2047 815 2125 τούς
835 2048 952 2130 νόμους
974 2050 1084 2131 πάλιν,
1105 2046 1149 2131 μή
1169 2073 1225 2129 μοι

137 2144 176 2210 τύ
198 2146 372 2231 κριτήριον,
400 2147 454 2214 καὶ
474 2146 519 2230 μὴ
544 2145 605 2231 ἐρα
632 2148 704 2225 τούς
723 2144 838 2229 λόγους
861 2152 924 2213 τῶν
945 2147 1225 2233 συκοφαντούντων

138 2268 179 2324 με
199 2247 316 2323 α’δίκως
338 2248 393 2313 καί
411 2245 597 2331 παραλόγως
617 2249 718 2311 ἐνεκεν
731 2245 854 2333 φθόνου
875 2244 931 2311 καέ
948 2244 1083 2331 ipsios?
1131 2246 1226 2311 ἀκού-

92 2370 131 2411 20
140 2368 199 2422 σας
219 2348 256 2411 δέ
275 2348 377 2413 ταῦτα
398 2344 417 2411 ὅ
437 2348 603 2424 ἐπίσκοπος
625 2348 797 2433 οέναφέρειν
823 2343 899 2422 τούς
919 2346 1029 2431 λόγους
1044 2343 1162 2421 πάντας
1181 2346 1229 2432 τῷ

214 2555 237 2591 ι.
253 2542 385 2612 &acopos
397 2540 427 2592 Μ
513 2542 553 2601 εἰς
570 2534 640 2596 θεὸν
656 2531 706 2596 τύν
728 2539 946 2612 λυτρωσάμενον
962 2538 992 2591 Μ
1061 2554 1087 2589 ν.
1105 2526 1238 2609 καμίνουΙ

207 2610 255 2693 τοῖς
295 2602 377 2683 λογύς
394 2611 423 2663 Μ
509 2612 535 2665 3.
554 2608 755 2699 ύλύθρῐοςέΗ
791 2612 817 2677 4.
834 2607 880 2667 ὅτι
896 2627 940 2662 orn
958 2608 989 2661 Μ
1075 2610 1100 2661 5.
1118 2610 1227 2695 ἐπερω-

209 2700 261 2799 ‘⁹.‘
328 2751 359 2804 π
391 2680 502 2822 Ἥ
516 2703 613 2812 „osb
633 2683 672 2743 ‘¹⁵⁶
690 2698 773 2803 “3⁰⁶
789 2682 838 2802 'tr
855 2676 1227 2819 rsii'i‘iriiwri'iirii

207 2768 314 2877 ἐέναέ»οι
365 2821 405 2889 ι4.
424 2772 588 2891 &vangium
604 2822 635 2874 Μ
703 2768 842 2885 ἐξειρύσαι
860 2822 889 2872 M
963 2820 1000 2871 15.
1015 2812 1227 2891 ‘Popoi'soircbt

212 2894 253 2946 rt.
270 2894 318 2947 sui
334 2890 373 2965 μὴ
394 2888 459 2969 ἐρα]
474 2891 557 2965 χύρα
574 2893 605 2947 Μ
673 2907 715 2944 no.
737 2891 752 2949 ὁ
773 2896 971 2952 ἐπίσκοπος-
987 2890 1106 2963 uersus}
1126 2888 1227 2956 δύλαΡ

139 3044 247 3098 stetur?
275 3054 457 3099 verumtamen
478 3047 590 3101 obsecro
617 3056 659 3113 te,
686 3049 724 3099 mi
745 3046 873 3111 domine,
887 3045 958 3097 bene
976 3043 1044 3095 mibi
1059 3042 1226 3095 benevolen-

140 3119 203 3167 tienr
221 3126 348 3186 praesta,
367 3128 397 3171 ut
413 3119 513 3171 ferrum
529 3120 559 3171 in
572 3120 669 3171 camini
686 3118 806 3171 flammas
821 3116 972 3169 coniectum
991 3125 1019 3167 et
1036 3114 1107 3167 bene
1126 3114 1226 3165 cende·

139 3186 240 3237 sectum
258 3188 326 3239 mibi
345 3199 516 3259 epportetur:
534 3190 658 3243 menibus
678 3188 749 3241 illud
773 3186 895 3240 tractabo
912 3202 1066 3256 pronusque
1087 3187 1116 3237 in
1137 3186 1226 3236 sinum

140 3256 297 3321 inmittam,
318 3258 370 3311 deo
383 3260 516 3325 confisus,
542 3261 591 3331 qui
608 3268 661 3313 tres
678 3276 776 3329 pueros
797 3260 826 3310 in
843 3256 955 3309 ardente
973 3256 1082 3308 fornace
1101 3255 1226 3306 servavit.

138 3344 256 3397 nemque
276 3329 371 3381 oonlns
396 3330 445 3383 iile
462 3331 615 3383 omnituens
637 3346 798 3401 semperque
824 3327 901 3398 vigil,
926 3326 974 3397 qui
997 3331 1131 3377 scrutetur
1146 3323 1227 3376 cordn

140 3407 169 3450 et
186 3414 284 3463 renes,
299 3416 339 3463 es,
358 3417 427 3471 quse
445 3401 610 3471 interrogor,
630 3418 673 3452 me
690 3418 741 3453 nec
758 3402 848 3451 animo
867 3396 1024 3467 concepisse
1042 3412 1094 3448 nec
1111 3394 1228 3450 medite-

139 3476 195 3519 torn
215 3484 273 3521 esse
291 3470 369 3523 norit
386 3482 468 3542 atque
485 3472 609 3524 illaesum
622 3469 685 3536 ωε,
702 3472 724 3523 si
739 3470 874 3535 voluerit,
912 3467 1040 3520 raestabit
1055 3483 1071 3517 a
1087 3466 1114 3516 vi
1133 3463 1226 3533 ignis?

139 3541 257 3592 occurrit
281 3542 439 3611 episcopus:
461 3540 606 3595 “Romanis
632 3550 660 3593 et
687 3539 856 3612 sapientibus
901 3540 985 3591 reecis
1013 3552 1064 3588 nec
1079 3535 1158 3605 lege,
1176 3552 1228 3589 nee

137 3624 210 3661 ποτε
229 3620 369 3681 receptum
389 3622 439 3677 est,
459 3622 490 3665 ut
508 3630 584 3677 reos,
604 3611 712 3665 nobiles
729 3610 898 3683 praesertim,
919 3614 1106 3676 extorqueant
1125 3605 1227 3658 berbe-

138 3696 182 3733 rus
199 3681 253 3733 iste
269 3698 327 3733 rnos
346 3690 388 3735 est
407 3692 436 3735 et
451 3682 574 3737 nefastus
594 3683 729 3752 planeque
749 3677 881 3751 gentilis?
908 3680 953 3731 hio
972 3678 1124 3730 Comnenns
1138 3675 1227 3761 “quo-

136 3750 218 3817 nim,
236 3750 346 3804 domme
363 3753 527 3819 venenosis,
544 3755 649 3825 inquit,
665 3754 791 3805 Romanis
803 3752 841 3814 id,
860 3749 934 3822 quod
951 3748 1034 3809 volui,
1052 3764 1104 3799 nec
1122 3747 1226 3817 tegrbue

137 3836 187 3873 nec
205 3822 328 3874 moribus
350 3826 482 3877 sancitum
502 3833 561 3888 est,
585 3834 617 3877 ut
635 3832 664 3875 tu
691 3823 801 3893 quidem
819 3822 904 3884 dicis,
928 3819 977 3873 sed
994 3816 1116 3870 berberis
1135 3820 1226 3888 genti-

136 3888 258 3963 busque,
280 3909 331 3963 ego
347 3903 438 3947 autem
457 3894 556 3947 Christi
574 3910 686 3947 munere
702 3893 812 3946 humilis
834 3894 968 3944 Romanus
987 3905 1055 3951 sum,
1074 3890 1226 3941 exminate

136 3976 180 4013 sne
199 3972 227 4017 et
246 3964 277 4017 in
294 3980 338 4016 me
361 3964 507 4035 inquirite,
525 3967 547 4018 si
569 3966 605 4017 ita
621 3964 698 4017 vobis
711 3964 812 4034 placet,
834 3959 979 4014 secundum
993 3960 1066 4027 leges
1083 3976 1226 4029 moresque

135 4032 277 4087 Romanos.
298 4034 321 4087 si
334 4034 453 4104 legitime
469 4036 584 4089 videbor
603 4036 722 4087 criminis
742 4052 804 4086 reus
822 4050 889 4095 esse,
905 4048 941 4083 ue
952 4038 1010 4083 esto
1025 4031 1114 4093 mitis;
1133 4031 1176 4083 sin
1192 4046 1225 4080 ex

22 4132 26 4143 ·
135 4102 232 4157 iisdem
243 4105 352 4175 legibus
371 4124 425 4159 non
439 4124 508 4171 reus,
525 4124 561 4159 ne
572 4116 665 4159 roceto
676 4122 720 4157 rne
733 4106 762 4157 in
775 4104 904 4156 iudicium
916 4119 969 4154 neu
983 4102 1110 4169 respicito
1123 4116 1224 4151 sermo.

135 4188 184 4227 nes
196 4174 349 4241 bonsiuorn,
367 4178 414 4248 qui
434 4178 529 4250 inique
547 4178 613 4231 rnibi
631 4192 662 4231 ac
675 4184 782 4249 praeter
793 4176 924 4227 rationem
943 4172 1106 4234 obtrectant,
1124 4169 1224 4223 inuidis
