3042 4817
571 286 648 349 aaa.
667 289 708 351 ιι.
738 285 832 351 cte.
863 288 920 353 ιιι.
1218 259 1297 345 ι35

193 429 237 497 τό
257 434 315 519 τῆς
345 431 475 519 προικός
503 434 606 500 adacei
632 434 756 519 κόστρα
787 436 843 501 καί
871 434 912 500 τό
934 436 994 499 τοῦ
1010 434 1161 515 Εδξείνου
1183 432 1299 501 πόντου

101 583 116 611 ,
195 525 269 615 ἤτοι
294 535 351 615 τῆς
370 528 499 617 μαόρης
518 536 702 619 θαλάσσης,
724 535 765 601 τὰ
786 539 822 601 δὲ
847 537 982 601 δοθέντα
1002 532 1090 619 παρὰ
1108 533 1165 626 τοῦ
1187 536 1301 601 δεσπό·

192 654 254 697 του
274 632 336 714 κόρ
349 632 519 715 Θεοδώρου
542 634 664 719 κόστρα
686 638 742 700 καί
762 634 865 701 πάντα
885 633 927 699 τό
948 637 1003 717 τῆς
1022 636 1223 721 ἐπιτροπικῆς
1243 636 1302 701 soal

195 736 407 814 Μελισσηνοδ
428 731 618 818 Νικηφόρον
639 737 674 799 ἐν
692 736 737 822 τῷ
762 738 982 823 Μεσσηνιακῷ
1002 732 1107 823 κόλπιρ
1127 732 1223 800 πόλιν
1244 737 1299 799 δο-

166 833 318 913 sadaca,
339 825 420 895 όπου
441 834 470 895 δ’
499 828 540 898 ἰόν
562 832 579 895 ό
598 832 750 915 βασιλεός
779 836 940 921 διακρίνῃ,
962 834 1224 918 παρηκολούθησε
1243 832 1300 899 καί

197 934 302 1009 τοῦτο,
326 924 403 1016 ὅπερ
425 924 470 1015 ἧν·
484 930 548 997 aluo*
570 936 689 1016 με’ρσυς
711 934 814 997 αὐτοῦ
834 934 1008 1015 βεβαίωοις
1029 929 1219 1019 οἷποκρόφου
1239 954 1297 1013 με·

194 1033 299 1112 λότης.
346 1028 550 1113 διερχόμενοι
568 1030 626 1117 τὴν
645 1030 722 1098 ὁδόν
743 1034 801 1115 τῆς
821 1030 959 1116 Πάτρας
980 1036 1014 1097 ἐκ
1036 1034 1218 1118 Βοστίτζης,
1244 1034 1296 1097 ἵνα

196 1130 244 1203 είς
264 1127 324 1211 τὴν
345 1132 376 1194 Γ
375 1134 550 1211 λαρένεζαν
579 1135 636 1197 καί
663 1131 699 1197 τό
727 1132 951 1213 Χλομοότζιον
979 1134 1189 1213 α’πέλθωμεν,
1217 1128 1297 1197 ἔνθα

196 1230 254 1291 καί
273 1228 292 1311 ἦ
312 1232 486 1311 βασιλισσα
507 1223 563 1313 ἧν,
582 1232 711 1307 σταλείς
730 1232 748 1295 ό
768 1231 967 1315 Ἀνδρόνικος
988 1229 1195 1316 Λόοκαριςό
1222 1237 1298 1299 Πα-

150 1326 307 1411 ιοδιότης
325 1329 407 1409 πρὸς
429 1330 507 1405 τούς
530 1332 565 1395 ἐν
591 1334 631 1417 τῇ
652 1328 772 1419 Πότρᾳ
794 1323 953 1415 ἄρχοντας
972 1338 1050 1413 περί
1063 1355 1156 1397 κινιυν
1176 1328 1298 1395 duodel-

194 1448 280 1491 σεοον
298 1430 424 1493 κάκεῖσε
452 1434 659 1513 προσμείνας,
690 1435 866 1513 συνέτυχον
885 1430 975 1517 αὐτῷ
995 1430 1084 1506 ἰδιῖυς
1103 1434 1160 1495 καί
1180 1432 1298 1511 ἐξόχως

195 1522 292 1608 ἱερεῖς
311 1536 344 1592 τό
378 1528 434 1592 καί
457 1530 563 1593 λαϊκοί
592 1533 667 1614 περί
691 1535 752 1595 τοῦ
763 1576 773 1611 ,
800 1526 867 1595 elai
890 1530 1048 1613 αὐθέντης
1066 1531 1169 1595 aient
1189 1532 1297 1609 θέλει,

193 1626 292 1691 celsos*
310 1624 489 1709 εὑρήσουσιν
511 1628 627 1711 τρόπον
647 1631 691 1693 δι’
712 1621 751 1692 od
771 1628 940 1713 παραλόβη
963 1625 1062 1703 ariade
1078 1628 1135 1708 τήν
1150 1622 1298 1711 Πότραν.

194 1723 344 1800 ἐλθόντος
362 1728 399 1789 δὲ
417 1731 475 1791 τοῦ
494 1724 695 1807 Λασκόρειος
710 1728 767 1787 καί
787 1723 926 1799 εἰπόντος
944 1722 1024 1803 μετὰ
1046 1728 1110 1788 ταῖν
1129 1717 1234 1789 ιῖλλοον
1254 1723 1294 1790 τό

147 1828 260 1889 absrde
281 1828 464 1908 Πατρηνοῖν
482 1824 675 1909 όπόκρυφα,
699 1825 898 1909 α’πεπίμφθη
929 1823 972 1897 οἱς
994 1822 1139 1887 α’δόνατα
1163 1827 1219 1887 καί
1239 1848 1296 1887 πε·

192 1922 288 2005 ρισσό
312 1917 469 2006 ἃῆκυυσε
490 1922 547 1987 καί
566 1922 664 2004 ἔλεγε.
687 1921 803 2007 ἐστάλη
825 1914 882 1987 σόν
902 1924 948 1997 εἰς
968 1920 1110 2008 κεφαλὴν
1129 1926 1184 2007 τῆς
1206 1921 1296 1989 ’lod-

191 2046 256 2107 μης
273 2022 329 2086 καί
344 2017 539 2105 Ἀνδρσόσης
566 2020 584 2085 ό
612 2018 708 2097 αότός
729 2020 917 2105 Λόσκαρις,
948 2020 995 2087 ἔτι
1022 2023 1058 2087 δέ
1078 2024 1134 2086 καί
1155 2019 1184 2087 οἱ
1204 2015 1295 2087 ἄλλοι

191 2118 345 2205 ἄρχοντες
367 2121 398 2187 οἱ
427 2125 472 2199 είς
494 2121 533 2187 τό
563 2124 666 2189 ἐκεῖσε
685 2121 806 2205 κόστρα
827 2119 1026 2207 κεφαλάδες·
1070 2121 1151 2189 οἶλλό
1176 2122 1216 2207 δὴ
1241 2122 1297 2191 καὶ

196 2219 214 2287 ό
235 2226 360 2306 πρῶτος
387 2227 449 2287 τῶν
473 2218 637 2304 α’ρχόντοον
663 2225 723 2286 τοῦ
746 2221 832 2287 οἴκου
856 2221 995 2285 ου’τσιῖό
1017 2218 1186 2306 Λόσκαρις
1204 2222 1295 2289 'Ati-

146 2327 261 2401 αοξιος
279 2325 415 2408 ἐλείφθη
443 2324 489 2397 είς
510 2320 717 2407 aequalium
743 2322 800 2406 τῆς
821 2324 999 2406 Βοστίτζης
1017 2320 1073 2385 καί
1092 2324 1296 2403 ἐναπόμεινεν

194 2424 307 2487 ἐκεῖσε.
356 2417 561 2504 διερχόμενος
591 2413 664 2500 σόν,
697 2416 740 2495 οός
772 2420 950 2503 δεδήλωκα,
982 2418 999 2483 ό
1031 2416 1107 2501 ἐμός
1139 2418 1296 2506 δεσπότης

194 2523 252 2585 καί
282 2523 443 2604 ου’θέντης
477 2525 548 2601 μετ’
580 2521 663 2602 ἐμοδ
692 2519 794 2600 μόνον
828 2522 1030 2604 ἐνεργοῦντος
1067 2518 1103 2584 τό
1134 2524 1211 2607 περί
1238 2524 1296 2607 τῆς

268 2698 295 2733 a.
311 2678 373 2747 ἥκοι
390 2710 428 2767 .-
446 2678 594 2746 θαλάσσης
607 2682 691 2771 oml'
762 2697 786 2748 η.
806 2680 985 2749 pueritiae?
1056 2681 1082 2732 8.
1097 2680 1296 2754 χλοαμοῦτζιΡ

268 2752 448 2899 aaziae
459 2751 923 2896 λιικιιιλιιιειι
936 2754 1298 2893 ιιιιιιιιπιῑιι

271 2896 312 2978 aii.
332 2890 452 3035 {omis}
502 2895 632 3019 Ρσταλεὶς
647 2892 678 2945 Μ
761 2894 800 2947 a&
819 2894 851 2948 ἐν
867 2902 927 2953 τοῖς
942 2922 979 2935 -
995 2890 1165 2965 κδσιροιςΡ
1254 2909 1297 2947 ao.

267 2983 319 3031 την
356 2981 407 3019 oca
448 2983 485 3021 σν

254 3110 270 3147 e
287 3092 353 3147 dote
366 3100 517 3162 acceperat,
532 3109 659 3163 quaeque
673 3090 709 3145 sd
725 3100 839 3162 pontum
855 3090 989 3145 Euxinum
1006 3100 1097 3155 erant,
1116 3092 1263 3158 retineret,
1282 3108 1299 3145 a

209 3174 283 3217 ratre
304 3175 396 3217 autem
414 3162 562 3215 Theodoro
574 3163 629 3215 sibi
638 3163 748 3227 donata,
767 3172 796 3215 et
818 3180 887 3234 quae
907 3164 1019 3215 nomine
1037 3164 1141 3217 tutelae
1152 3162 1298 3233 Nicephori

196 3236 340 3289 Melisseni
360 3234 630 3297 administrabantur,
647 3233 682 3285 ad
694 3235 783 3287 sinum
795 3232 995 3287 Menaeniacusu
1014 3236 1074 3299 sits,
1093 3236 1300 3287 restituerentur

196 3309 298 3371 omnia,
309 3306 420 3377 quando
435 3307 592 3376 imperatori
602 3306 754 3358 videretur:
779 3314 871 3359 secuta
884 3306 964 3358 etiam
982 3314 1053 3369 sunt,
1067 3321 1147 3375 quae,
1168 3313 1299 3375 quantum

198 3380 229 3431 in
247 3380 257 3431 i
276 3396 306 3430 so
326 3386 406 3442 esset,
422 3394 479 3429 rem
501 3375 671 3428 clandestino
698 3376 811 3427 consilio
831 3377 971 3428 internos
991 3377 1117 3445 agitatam
1137 3374 1172 3429 ad
1195 3376 1298 3431 exitum

197 3467 249 3520 per
270 3458 389 3501 acerent.
407 3465 471 3500 nasa
491 3464 576 3518 quum
596 3448 714 3499 Bostitza
732 3449 823 3500 Patras
847 3448 1039 3512 transiremus,
1058 3457 1088 3499 ut
1112 3446 1301 3517 proficiscere-

198 3538 261 3573 mur
274 3519 448 3572 Glarentaam
467 3527 496 3571 et
513 3518 730 3581 Chlomutzium‚
749 3516 798 3569 ubi
816 3518 899 3569 etiarn
919 3520 1011 3587 regina
1030 3525 1103 3581 erat,
1129 3516 1300 3572 Andronicus

197 3592 321 3643 baccaris
340 3590 462 3643 Pediates
480 3590 589 3641 interim
608 3588 710 3642 arbiter
727 3588 764 3640 sd
780 3592 952 3659 magistratus
976 3588 1117 3641 Patrenses
1137 3605 1218 3657 super
1236 3590 1300 3659 qui·

197 3660 313 3714 busdam
332 3663 450 3730 negotiis
466 3662 563 3711 missus
583 3670 640 3713 est:
662 3661 710 3730 qui
728 3677 811 3730 quum
827 3658 931 3713 ibidem
947 3658 1117 3730 aliquamdiu
1137 3668 1299 3725 moraretur,

198 3741 387 3785 convenerunt
404 3750 466 3783 eum
479 3741 536 3783 tom
549 3734 655 3801 privato
675 3740 732 3783 tum
743 3730 857 3800 pasblico
877 3730 992 3785 consilio
1011 3730 1164 3783 sacerdotes
1183 3740 1211 3783 et
1224 3731 1298 3797 laici,

197 3806 455 3875 promiseruntque,
474 3803 497 3855 si
519 3802 644 3854 dominus
663 3803 722 3854 eius
740 3801 842 3865 vellet,
861 3818 890 3853 se
908 3800 1018 3855 modum
1034 3818 1064 3853 ac
1082 3801 1152 3853 viam
1169 3801 1299 3855 inventu·

198 3893 251 3940 roa,
267 3892 322 3945 qua
341 3875 365 3927 is
387 3892 415 3927 se
433 3875 464 3927 in
482 3874 654 3943 possessione
675 3871 749 3924 urbia
767 3872 922 3925 collocaret.
943 3872 990 3923 uhi
1009 3872 1129 3925 Laetaris
1150 3890 1235 3943 quum
1254 3889 1298 3927 re-

197 3946 273 4017 liqua
283 3984 293 4011 ,
311 3954 369 3997 tum
387 3954 491 3997 secreta
507 3944 574 3997 haec
595 3944 760 3996 Patrenaium
779 3944 892 3995 coasilia
910 3944 1091 4009 renuntiavit,
1110 3943 1211 3999 reiecta
1224 3952 1297 4009 arsut,

197 4034 266 4087 quae
287 4016 415 4069 andierat
433 4014 615 4085 dicebatque,
633 4023 664 4065 ut
680 4031 751 4085 quae
769 4030 820 4065 nec
837 4014 897 4067 lieri
935 4022 1027 4066 oaaent
1047 4022 1075 4067 et
1096 4023 1187 4067 essent
1201 4032 1299 4085 super-

196 4106 324 4141 vacanea.
336 4090 430 4156 itaque
442 4088 471 4139 in
485 4088 681 4158 praefecturam
690 4084 810 4137 Ithomea
822 4092 851 4137 et
862 4086 903 4138 An
925 4101 1003 4136 rusae
1017 4083 1089 4137 idem
1101 4086 1197 4137 missus
1208 4094 1258 4149 eat,
1268 4093 1297 4137 et

196 4160 241 4213 alii
259 4168 402 4231 praeterea
422 4159 474 4212 viri
483 4157 577 4211 eastris
587 4158 701 4211 istarum
712 4156 852 4227 regionum
862 4155 1005 4228 praelecti.
1017 4156 1084 4228 quisi
1095 4156 1176 4211 etiam
1186 4156 1297 4209 Aleaius
