3042 4817
249 247 344 333 τρο
574 243 748 310 ueouuu
779 244 1020 309 assaturam

257 397 362 485 δτάφη
386 400 421 463 έν
438 398 478 483 τῇ
496 398 553 479 τῆς
571 398 684 480 κυρίας
700 394 846 479 Μάρθας
868 396 955 483 μονῇ.
998 394 1053 461 καί
1074 394 1116 486 τῷ
1142 392 1353 484 Φυβρουαριηι

259 496 339 581 μηνί
358 498 415 561 τοῦ
434 497 536 561 ου’τοῦ
564 493 654 571 ἔτους
681 497 921 575 ἐπανέστρεψαν
943 489 1057 571 πάντες
1078 500 1123 572 εἰς
1146 500 1352 563 Kaesonem.

260 595 406 663 νοάπολιν
426 592 457 659 οἱ
486 599 520 659 έν
549 599 588 681 τῇ
605 594 720 683 Ἰταλίᾳ
742 591 932 669 ἀπελθόντες
953 596 1054 659 ἕνεκεν
1073 599 1131 679 τῆς
1154 600 1312 679 συνόδου,
1334 593 1351 661 i

260 693 414 777 βασιλεῦς
430 699 510 777 λέγω
525 698 579 759 καί
600 692 617 757 δ
642 693 794 777 δεσπότης
808 693 863 757 καί
881 692 909 757 οἱ
932 699 1052 775 λοιποί,
1076 692 1154 762 ἄνευ
1175 700 1239 762 τάν
1253 700 1353 763 ἐκεῖσε

261 797 296 859 έν
312 794 431 882 Ἰταλίᾳ
453 796 746 880 ἕναιιολτιφθέντιυν
769 795 885 875 τριῶν,
907 796 963 856 τοῦ
981 793 1184 878 πατριάρχου
1207 796 1266 878 κάρ
1289 798 1383 885 ’διο-5

261 895 329 981 cipp
351 896 385 957 έν
407 894 592 982 Φλιορεντίρ
620 891 701 976 πρὸς
720 894 833 977 κάριον
860 893 1094 977 ἐκδημήσαντος
1114 898 1248 960 καὶτοῦ
1270 888 1374 980 Σάρι-Ι

263 998 345 1059 δειον
374 993 607 1077 μητροπολίτου
639 993 673 1060 ἐν
698 995 878 1081 Φερραρίηι·
930 996 986 1057 καί
1006 992 1021 1059 ὅ
1042 998 1181 1071 Νικαίας
1200 994 1355 1080 πρόεδρος

263 1096 298 1160 έν
314 1093 421 1179 Ῥώμη
441 1094 623 1170 ίνααέμτινο
654 1085 795 1172 τοάνομα
814 1096 1026 1177 Βηοσαρίιον,
1062 1091 1099 1157 δν
1119 1094 1202 1175 μετά
1222 1094 1279 1180 τὴν
1296 1096 1355 1159 rori

263 1193 467 1275 πατριάρχου
486 1188 548 1253 αἰιό
568 1194 633 1256 τάν
646 1183 709 1255 rita
730 1191 911 1275 ἀποδημίαν
931 1190 949 1255 δ
970 1192 1123 1275 βασιλευς
1141 1192 1198 1257 καί
1216 1196 1235 1277 ἡ
1258 1192 1354 1259 σάνο.

264 1294 318 1367 δος
346 1288 447 1357 αὐτὸν
466 1292 512 1364 είς
545 1288 745 1375 ιιατριάρχην
774 1292 986 1377 ἐψηφίσαντο.
1043 1286 1110 1358 εἶτα
1139 1291 1240 1357 ἕνεκέν
1261 1317 1406 1363 τινωνιο

263 1388 452 1473 συγχάοεοον
471 1393 527 1453 καί
546 1391 729 1455 σκανδάλων
747 1387 792 1475 μη
827 1390 932 1455 ileos
951 1392 997 1467 τίς
1021 1392 1357 1457 Κωνσταντινυάιιολιν
1382 1440 1386 1448 .

265 1493 334 1555 αλλ’
354 1490 400 1566 εἰς
421 1484 546 1573 Ῥάμην
574 1496 782 1574 προσραίνας,
818 1488 835 1553 ά
857 1480 953 1573 άκρος
976 1492 1146 1575 α’ρχιερεδς
1166 1488 1356 1577 καρδινάλην
1389 1558 1400 1569 ,

264 1590 409 1673 ίαοίηοεν
430 1587 526 1653 ου’τδν
557 1593 611 1653 καί
629 1595 759 1654 πλεῖστα
796 1592 958 1673 σιτηρέσια
979 1592 1066 1676 ου’τῷ
1087 1591 1277 1675 ἐδωρήσατο.
1318 1593 1357 1677 τῇ

266 1692 303 1753 δὲ
323 1684 366 1765 κζ
387 1690 541 1771 Μαρτίου
569 1691 626 1752 τοῦ
646 1690 749 1753 ου’τοῦ
770 1686 880 1770 ἔτους,
903 1692 941 1775 τῇ
963 1693 1017 1772 τῆς
1036 1693 1096 1753 τοῦ
1115 1693 1263 1773 Χριστοῦ
1279 1692 1357 1753 α’κα-

267 1787 407 1865 στάσεως
430 1790 576 1874 κυριακῇ,
598 1783 749 1873 έγεννηδη
770 1810 827 1868 μοι
848 1785 864 1852 o‘
894 1786 1040 1873 δεάτιρος
1061 1787 1132 1864 νὶδς
1149 1790 1301 1869 Ἀλέξιος,
1323 1786 1358 1863 ὃς
1372 1798 1408 1860 15

268 1884 347 1971 μετά
377 1885 544 1970 τριάκοντα
570 1887 692 1970 ἡμέρας
724 1891 875 1953 duillers.
931 1888 986 1953 καί
1013 1893 1057 1977 τῷ
1086 1885 1159 1973 ἔαρι
1179 1891 1239 1951 τοῦ
1256 1888 1359 1952 αὐτοῦ

266 1986 359 2063 ἔτους
378 1988 499 2069 ἐγένετο
529 1986 725 2070 πατριάρχης
748 1987 1113 2063 Κωνσταντινουαάλτιυς
1140 1986 1200 2072 κάρ
1224 1993 1360 2073 Μητρο-

268 2086 371 2175 φάνης
393 2086 411 2150 o‘
431 2084 506 2168 αρίν
526 2088 670 2163 Κυζίκου
690 2090 929 2171 μητροπολίτης.

354 2190 402 2253 18.
444 2184 516 2251 Καί
534 2186 574 2271 τῇ
595 2182 619 2257 ς’
630 2189 829 2267 Δεκεμβρίου
850 2186 947 2271 μηνὸς
969 2190 1028 2251 τοῦ
1050 2184 1129 2278 'cpoli'
1155 2184 1242 2264 ἔτους
1261 2208 1360 2270 προσ·

268 2283 408 2371 ετάχδην
434 2286 585 2349 άιιελδεῖν
605 2306 646 2365 με
679 2284 725 2357 εἰς
745 2287 887 2365 Λέσβον,
921 2282 1001 2351 ἔνθα
1034 2287 1089 2351 καί
1107 2289 1284 2371 κατέστησα
1307 2286 1411 2363 ἳνααο

269 2391 314 2463 εἰς
335 2394 468 2470 γυναῖκα
490 2385 572 2471 λάβη
600 2381 788 2467 δδεσιιάτης
814 2382 872 2469 κάρ
895 2388 1135 2462 Κωνσταντῖνος
1164 2386 1181 2449 δ
1206 2386 1361 2468 αὐθέντης

267 2508 331 2567 μου
347 2480 404 2568 την
418 2484 532 2568 κυρίαν
546 2481 773 2566 Αίκατερίναν,
792 2486 953 2570 θυγατέρα
968 2489 1026 2549 τοῦ
1046 2490 1103 2571 τῆς
1121 2487 1287 2571 εἰρημένης
1307 2484 1362 2570 κη’-

341 2670 366 2723 η.
393 2648 408 2707 δ
436 2650 467 2705 δὲ
483 2653 634 2722 Βηοκρίισν
651 2648 787 2723 τοῦνομα,
812 2646 846 2713 ir
872 2653 921 2705 rui
950 2654 997 2719 τῆς
1014 2656 1134 2712 Νικαίας
1157 2650 1298 2725 πρόεδρος
1317 2644 1360 2719 ἦν,

340 2756 397 2821 ζῶν
417 2755 449 2810 Cr
467 2754 498 2842 τῇ
514 2752 601 2827 Ῥώμη
620 2755 813 2841 ἐκαπέμεινην,
833 2752 866 2809 ὃν
885 2758 904 2808 Ρ
977 2757 1016 2821 τίς.
1036 2756 1086 2822 κδη
1103 2762 1226 2828 μαριίου
1244 2748 1361 2829 μηκόςΡ

341 2832 382 2881 ι5.
402 2825 417 2881 δ
439 2826 569 2896 δευτερος
587 2827 668 2878 omP
774 2824 805 2886 be
822 2856 855 2867 -
876 2824 1011 2901 ἀπέθανε]
1038 2830 1087 2882 καλ
1106 2828 1190 2895 ζησας
1208 2827 1361 2900 τριάκοντα

339 2896 447 2970 ἡμέρας
461 2896 554 2971 μόνον
569 2896 599 2948 Μ

270 3062 342 3113 tbae.
362 3075 456 3113 mense
475 3058 622 3111 Februario
650 3058 771 3111 eiusdem
798 3060 871 3123 anni,
890 3069 1027 3132 quotquot
1045 3060 1141 3131 synodi
1159 3078 1239 3114 causa
1259 3060 1288 3113 in
1303 3060 1362 3112 lta-

163 3156 167 3163 ·
268 3132 333 3183 lium
344 3132 458 3199 proiecti
476 3132 592 3193 lucrant,
604 3130 711 3199 Cpolim
728 3130 876 3195 redierunt,
895 3134 1048 3201 imperator,
1062 3134 1214 3185 Demetrius
1235 3132 1360 3201 despota,

270 3211 299 3255 et
315 3203 423 3273 reliqui,
439 3200 527 3254 tribus
545 3204 575 3253 iu
594 3202 672 3254 ltalia
691 3202 802 3265 relictis,
820 3202 936 3273 Iosepho
955 3204 1120 3273 patriarcba,
1139 3206 1187 3274 qui
1205 3204 1360 3255 Florentiae

270 3274 306 3325 ad
327 3273 468 3325 dominum
487 3274 628 3336 concessit,
646 3272 831 3324 Sardiensium
855 3274 1036 3343 metropolita,
1056 3276 1102 3345 qui
1121 3276 1257 3326 l‘errariae
1279 3272 1359 3338 obiit,

270 3344 471 3406 etbeesarione,
491 3344 607 3395 Nicaeae
627 3344 765 3412 episcopo,
784 3344 831 3413 qui
851 3346 948 3395 Romae
968 3346 1082 3411 mansit;
1101 3362 1181 3415 quem
1202 3354 1263 3417 post
1284 3348 1361 3397 lose-

269 3414 318 3485 phi
336 3413 505 3485 patriarchae
529 3414 632 3465 obitum
652 3413 799 3483 imperator
824 3423 851 3467 et
879 3414 997 3483 synodus
1022 3416 1203 3484 subrogarunt
1219 3418 1247 3468 in
1268 3416 1360 3469 locum

270 3486 338 3537 eius.
358 3487 451 3537 atille
475 3494 587 3554 propter
612 3485 831 3553 perturbationes
857 3502 944 3539 rerum
958 3496 1000 3547 ‚et
1016 3487 1206 3539 contentiones
1227 3487 1361 3557 quasdam

269 3574 325 3609 non
343 3559 419 3608 venit
442 3556 565 3625 Cpolim,
584 3556 632 3607 sed
652 3558 750 3607 Romae
780 3556 938 3619 haerenae
962 3576 1065 3610 summo
1084 3558 1134 3609 illo
1152 3559 1361 3627 archiepiscopo

268 3636 431 3697 purpuratus
448 3628 535 3678 laetus
554 3635 582 3678 et
599 3627 743 3694 stipendiis
760 3626 947 3679 liberalissime
959 3628 1075 3681 donatus
1095 3636 1144 3681 est.
1164 3630 1259 3681 eodem
1278 3644 1361 3693 anno,

270 3698 315 3749 die
335 3699 462 3750 vicesimo
479 3698 594 3766 septimo
612 3698 713 3762 Martii,
733 3714 803 3768 quae
825 3707 883 3750 emt
900 3698 1036 3751 dominica
1057 3700 1271 3763 resurrectionis,
1291 3700 1362 3752 alter

269 3767 342 3820 lilius
368 3768 434 3819 milri
460 3777 540 3819 natus
570 3774 629 3831 eet,
647 3768 774 3832 Alexius,
801 3770 849 3839 qui
867 3776 958 3821 tamen
983 3772 1053 3821 lutra
1072 3770 1131 3822 dies
1150 3772 1262 3840 triginta
1280 3770 1360 3823 obiit.

269 3854 334 3889 rere
352 3839 474 3890 eiusdem
493 3838 558 3890 anui
574 3838 831 3911 patriarcbanolis
851 3840 938 3892 lactus
958 3839 1206 3912 estMetrophanes,
1228 3842 1275 3913 qui
1296 3836 1362 3895 ante

269 3909 444 3979 metropolita
463 3910 552 3977 Cyzici
570 3910 667 3961 isserat.

344 3981 384 4031 18.
421 3981 471 4031 Die
498 3988 574 4032 sento
593 3976 749 4032 Decembris
773 3980 835 4030 anni
854 3981 924 4049 69l9
943 3982 972 4031 in
990 3980 1107 4033 Lesbum
1127 3984 1223 4034 missus
1242 4000 1310 4047 sum,
1330 3991 1362 4037 ut

272 4050 463 4103 Constantinus
490 4051 620 4121 despota,
648 4051 772 4101 dominus
790 4066 880 4112 meus,
898 4053 1092 4116 siccatorium,
1111 4054 1229 4105 Notarae
1248 4055 1361 4106 Palaeo-

272 4122 329 4192 logi
347 4120 524 4188 Ceteliutzae,
543 4124 602 4175 eius
620 4122 725 4175 insulae
742 4122 884 4192 principis,
909 4122 1001 4189 liliam,
1020 4124 1049 4176 in
1066 4125 1269 4177 matrimonium
1291 4126 1361 4177 acci-
