3042 4817
531 297 681 358 nuru.
710 293 802 359 etr.
833 298 890 359 lu.
1090 258 1264 395 x'iris
1456 259 1472 322 ν’

171 447 252 526 lr'oo,
278 439 376 528 θεύρο
397 441 437 527 ts}
463 442 660 524 σκεψόμεθα
684 447 739 509 καὶ
765 446 841 529 περέ
862 440 988 507 τούτου.
1030 446 1089 507 καί
1104 464 1161 524 μοι
1185 442 1275 507 δοκεῖ

170 543 215 622 ὥς
234 544 275 610 ου’
293 539 338 627 μὴ
360 541 551 628 στροβήσεται
574 542 594 627 ἡ
615 540 760 627 α’λῆθεια.
815 537 950 607 άκουοον
969 544 1077 607 τοίνυν
1097 544 1267 624 νουνεχῶς.

171 651 257 726 τρεῖς
284 644 365 709 εἰσὶν
393 645 565 723 νομοθέται
597 641 627 707 oi
647 640 832 721 διδάξαντες
865 641 982 722 νόμους
1009 640 1215 722 καθολικούς,
1250 635 1267 705 ὅ

171 731 329 826 Μούσης,
352 732 380 830 ᾧ
398 742 595 826 ἠκολούθησε
614 740 649 807 τὸ
669 744 756 825 γένος
771 744 831 806 τῶν
847 741 1012 825 Ἑβραίων,
1036 739 1220 825 ύΧριστός,
1242 732 1270 829 ᾧ

142 841 398 926 5ηκολούθηρον
425 842 530 905 πάντα
548 840 589 905 τά
611 839 690 927 ἐθνη
711 842 769 905 κατ’
795 836 825 905 οἷ
847 844 892 915 εἰς
915 839 1015 905 odedu
1045 840 1269 915 πιστεύσαντες

170 940 207 1006 τά
222 947 330 1007 πλεῖον
342 944 440 1023 μέρος
453 942 519 1004 τῶν
534 941 701 1025 Ἑβραίων,
723 936 794 1005 ἐπεὶ
811 938 874 1003 άπὸ
887 936 1009 1004 τούτων
1030 936 1060 1003 οἱ
1074 938 1118 1023 μὴ
1141 936 1267 1003 πιστεύ-

171 1064 282 1115 σαντες
301 1044 407 1128 mellei
425 1040 573 1116 ἐλάττους
594 1039 675 1105 εἰσὶν
695 1041 801 1103 oditis
823 1036 861 1121 δύ
876 1039 938 1103 τιύν
958 1038 1193 1103 πιστευσάντων
1215 1038 1271 1102 κατ’

171 1138 287 1222 σχεδὸν
308 1138 533 1224 εύιιριθμητοι,
554 1142 611 1205 καί
630 1136 827 1221 ύΜοοάμεθ,
849 1130 876 1228 ᾧ
889 1138 1106 1223 ἠκολούθησαν
1129 1135 1158 1200 οἱ
1175 1140 1268 1201 Μου-

171 1236 357 1320 σσυλμάνοι.
411 1230 489 1303 άνευ
512 1238 632 1305 τούτων
664 1236 704 1321 δη
733 1242 798 1303 ταῖν
818 1244 915 1323 τριῶν
941 1236 1047 1321 ἕτερός
1067 1262 1115 1312 τις
1138 1234 1268 1313 διδάξας

125 1339 230 1407 ιοκαί
248 1338 325 1412 δούς
344 1335 441 1419 νόμον
463 1341 521 1403 ουίι
541 1336 636 1404 ἐστιν.
679 1339 748 1404 o’tt’
771 1336 788 1403 o‘
809 1342 868 1421 μὲν
893 1340 1038 1421 Μούσης
1061 1338 1267 1421 μεμαρτύρη·

170 1462 225 1503 τοι
245 1430 480 1518 άπεστολμένος
500 1432 581 1504 εἶναι
604 1436 692 1523 παρά
722 1442 813 1502 θεοῦ.
867 1440 900 1514 ἐξ
921 1438 1023 1521 άρχης
1043 1434 1089 1501 ἔτι
1110 1431 1155 1498 eiu
1175 1438 1213 1521 ἐνΙ
1228 1438 1270 1523 τῇ

173 1534 329 1625 Αἰγύπτῳ
358 1539 485 1623 ἐποίησε
516 1547 633 1621 σημεῖα
651 1537 707 1602 κατ’
729 1540 847 1623 τέρατα
861 1537 1015 1619 μεγάλα,
1045 1540 1100 1600 κατ’
1119 1536 1268 1615 ἐμάστιξε

171 1633 231 1717 την
252 1634 427 1718 Αἰγύπτου,
451 1638 570 1714 ἐπάξας
590 1639 625 1702 ἐν
645 1636 727 1723 adep]
748 1636 869 1719 πληγάς
888 1630 1030 1717 μεγάλοις
1050 1634 1191 1719 σφόδρα,
1213 1635 1269 1698 καί

172 1729 284 1817 ἔπληξε
303 1732 361 1798 καὶ
373 1732 586 1819 ἐθεράπευσε,
606 1739 663 1799 κατ’
681 1739 827 1819 προέλεγε
849 1731 888 1797 τά
909 1730 1103 1815 γενησόμενα
1126 1730 1170 1806 ιύς
1189 1754 1268 1815 προ-

123 1836 292 1916 οόφήτης,
314 1830 364 1899 ὅτι
384 1835 417 1897 εἰ
433 1838 494 1915 μὲν
513 1831 685 1908 άπολύσεις
715 1832 772 1898 τὸν
793 1830 869 1898 λαὸν
890 1836 950 1896 τοῦ
969 1832 1049 1895 θεοῦ
1056 1879 1065 1911 ,
1097 1828 1267 1910 άπόλνσον,

170 1932 202 1996 εἰ
224 1934 253 1997 δ’
275 1924 354 2010 σάν,
377 1930 416 1997 τά
438 1937 494 1997 καί
508 1931 553 2013 ,τά
574 1932 792 2016 συμβησονται
821 1936 877 1997 σοι’
893 1954 929 1996 τε
947 1934 1002 1996 καί
1021 1934 1118 1995 παντί
1136 1932 1179 2018 τῷ
1202 1933 1269 2017 λαηῖ

168 2033 226 2113 τῆς
245 2027 420 2115 Αἰγύπτου.
475 2029 531 2096 καὶ
550 2029 803 2114 ύπισχνούμενος
826 2028 949 2117 Φαραώ
971 2034 1101 2114 ποιῆσαι
1121 2028 1154 2093 τύ
1179 2024 1267 2112 ῥημα

169 2132 282 2213 κυρίου
303 2125 518 2214 ἐθεραπεύετο
543 2128 630 2213 παρά
651 2132 709 2196 τοῦ
724 2132 896 2205 Μαύσέιος
923 2127 967 2205 εύς
988 2130 1135 2208 ἐξουσίαν
1151 2128 1266 2208 λαβόν-

167 2252 220 2303 τος
244 2229 308 2293 άπέ
328 2233 421 2293 θεοῦ.
446 2226 528 2310 μετά
551 2232 586 2293 δέ
601 2232 702 2293 ταῦτα
716 2230 863 2311 ἐξέβαλεν
883 2224 1064 2311 &Manduria
1082 2224 1162 2308 μετά
1184 2230 1266 2313 βρα-

117 2330 274 2411 ιοχέονος
304 2324 437 2411 ύψηλού
461 2327 497 2392 τύ
517 2333 607 2412 γένος
626 2333 690 2393 τάν
705 2328 862 2413 Ἑβραίων
890 2326 925 2393 ἐκ
945 2330 1002 2412 γῆς
1021 2326 1187 2410 Αἰγύπτου
1211 2325 1268 2390 καὶ

166 2427 223 2511 τῆς
239 2427 385 2501 δουλείας
411 2427 470 2491 τοῦ
490 2424 632 2510 Φαραώ,
664 2423 864 2504 ναταάιιύξας
894 2428 923 2493 δ’
955 2420 1072 2501 αύτούς
1099 2420 1116 2488 οι
1141 2422 1265 2507 Φαραά

167 2527 339 2609 ἐποντέσθη
369 2528 403 2590 ἐν
426 2527 464 2610 τῇ
485 2520 610 2613 ε’ρσθρξὶ
636 2524 785 2613 θαλάσση
811 2523 893 2606 μετά
916 2526 1018 2607 πάσης
1039 2526 1095 2608 τῆς
1114 2526 1267 2606 στρατιάς

169 2620 274 2689 αύτού
293 2623 379 2707 παρά
399 2628 456 2687 τοῦ
467 2625 651 2699 Mutatus.
693 2624 775 2706 μετά
799 2626 948 2689 δὲταῦτα
970 2620 1153 2706 περιεπάτει
1172 2622 1206 2687 ἐν
1225 2624 1267 2709 τῇ

167 2720 277 2813 ἐρήμην
296 2722 433 2809 χρόνους
450 2719 686 2809 τεσσαράκοντα
707 2726 806 2789 ποιάν
833 2722 986 2805 θαύματα
1008 2714 1139 2809 άπειροι.
1180 2717 1265 2787 άλλά

241 2889 417 2960 prstdP
521 2888 652 2947 inme

170 3044 279 3089 attente
296 3034 398 3088 osidius.
435 3043 489 3089 tres
506 3035 676 3105 legislatores
699 3043 772 3100 sunt,
797 3036 843 3109 qul
861 3034 936 3107 leges
954 3034 1092 3107 generales
1111 3036 1263 3089 constitue-

170 3115 243 3169 runt,
265 3106 387 3174 Moyses,
416 3123 499 3176 quem
515 3107 700 3159 Hebraeorum
718 3108 793 3160 natio
819 3116 912 3160 secuta
940 3117 995 3172 est,
1027 3107 1157 3171 Christus,
1185 3120 1266 3177 qoem

170 3186 280 3231 secutae
297 3186 361 3229 suut
377 3193 470 3229 omnes
490 3187 583 3246 gentes
601 3187 628 3229 et
645 3180 732 3230 maior
748 3195 809 3248 pars
827 3178 1028 3243 Hebraeorum,
1049 3177 1084 3230 sd
1105 3178 1187 3229 fidem
1208 3178 1266 3229 elus

169 3264 309 3309 conuersa,
328 3248 464 3319 siquidem
482 3250 529 3319 qui
548 3248 629 3300 iidem
649 3251 707 3317 eiua
728 3250 846 3320 amplexi
864 3258 928 3301 suut
947 3248 1051 3314 ludaei,
1078 3249 1121 3313 iis,
1141 3250 1189 3319 qui
1206 3264 1265 3301 eam

169 3336 228 3371 non
244 3319 363 3388 amplexi
381 3326 461 3382 sunt,
480 3319 561 3387 louge
589 3321 682 3389 plures
707 3329 773 3371 sunt
791 3328 835 3383 et,
854 3337 940 3391 prope
960 3319 1063 3385 dicam,
1093 3319 1167 3371 lucili
1185 3334 1268 3389 opera

169 3388 352 3455 numerandi,
373 3398 457 3459 atque
478 3390 656 3453 Mobametes,
686 3407 767 3459 quem
787 3390 951 3443 lllusubuani
969 3393 1057 3443 secuti
1078 3399 1151 3444 sunt.
1209 3406 1269 3441 rae-

168 3459 271 3513 terbos
289 3468 351 3522 tres,
370 3462 418 3531 qui
435 3461 522 3528 legem
540 3462 715 3514 constitnerit
732 3478 765 3512 ac
780 3461 914 3526 docuerit,
935 3478 1014 3515 nemo
1032 3472 1082 3515 est.
1118 3465 1171 3514 lam
1221 3476 1271 3529 oy-

169 3547 227 3583 sem
245 3530 355 3600 quidem
385 3550 400 3581 a
430 3531 482 3582 deo
501 3532 611 3583 missurn
638 3532 760 3595 esee,iu
785 3534 908 3584 confesso
928 3542 979 3585 est.
1007 3535 1098 3585 rtatim
1117 3532 1151 3583 ab
1169 3532 1270 3593 initio,

169 3619 254 3671 quum
277 3611 349 3653 esset
365 3600 454 3652 adbuc
471 3602 500 3653 iu
519 3604 651 3672 Aegypto,
670 3603 747 3672 signa
768 3610 796 3655 et
814 3604 944 3654 miracula
961 3620 1058 3673 magna
1072 3603 1169 3663 edidit,
1187 3610 1270 3672 atque

168 3674 322 3741 Aegyptum
340 3673 426 3742 plagis
447 3672 603 3740 ingentibus
618 3674 768 3743 castigavit,
785 3675 932 3743 perterruit
952 3682 980 3725 et
997 3674 1111 3737 domuit,
1130 3690 1161 3724 ao
1179 3672 1270 3724 lutrrra

167 3750 202 3794 ut
220 3742 353 3813 propheta
372 3742 518 3812 praedixit,
538 3744 576 3795 ita
588 3744 697 3795 locutus
712 3742 752 3794 “si
772 3742 931 3795 dimissurus
950 3760 979 3796 es
999 3746 1129 3815 populum
1151 3742 1205 3806 dei,
1225 3742 1269 3795 ‹li-

167 3814 249 3866 mitte
267 3831 344 3878 eum,
373 3815 414 3865 sin
434 3815 539 3877 miuus,
568 3814 617 3865 illa
636 3815 680 3865 vel
709 3814 758 3864 illa
777 3814 828 3865 tibi
848 3822 876 3867 et
904 3816 979 3866 omni
997 3818 1120 3885 Aegypto
1139 3821 1270 3865 euentura

168 3882 259 3937 eunt.''
295 3893 378 3955 atque
398 3884 537 3954 pollicitus
557 3884 669 3948 Pharao,
693 3884 827 3936 iacturum
846 3902 875 3937 se
894 3885 998 3937 iussum
1016 3885 1133 3949 domini,
1151 3884 1270 3953 benigne

167 3954 280 4006 babitus
298 3964 374 4006 esta
392 3955 495 4021 Moyse,
514 3955 559 4007 oui
578 3956 617 4007 ita
636 3954 753 4007 faciendi
773 3973 788 4006 a
808 3956 861 4007 deo
882 3954 944 4008 ‹luta
963 3964 1021 4007 erat
1043 3964 1171 4025 potestas.
1207 3962 1272 4025 post

168 4026 238 4077 baec
255 4025 365 4093 Moyses
383 4026 455 4095 gravi
474 4025 585 4078 brachio
605 4035 713 4093 gentem
733 4025 915 4078 Hebraeorum
944 4040 978 4077 ex
995 4029 1118 4095 Aegypto
1137 4033 1166 4079 et
1185 4025 1271 4078 servi-

168 4098 211 4149 tio
235 4095 384 4149 Pharaonis
402 4095 505 4159 eduxit,
523 4104 551 4148 st
567 4106 779 4168 persequentem
795 4114 841 4150 eos
853 4097 1018 4149 Pharaonem
1037 4114 1096 4148 cum
1115 4106 1174 4150 toto
1193 4112 1271 4149 eaer-

168 4168 227 4221 eitu
247 4168 305 4220 eius
324 4168 354 4221 in
371 4166 438 4220 mari
458 4166 539 4220 rubro
557 4168 719 4223 summersit.
758 4167 859 4222 deinde
877 4168 907 4221 in
926 4166 1037 4239 regione
1057 4166 1165 4223 deserta
1186 4180 1272 4223 anuos
