3042 4817
199 329 208 351 ,
252 256 333 343 ι36
557 276 732 341 ononou
764 273 1009 341 Pl-IRANTZAE

245 431 399 519 Πάτρας,
420 426 639 513 τάρισκόμενσι
662 430 709 504 εἰς
728 425 785 512 τὴν
805 428 837 491 Γ
834 427 1004 511 λαρίντζαν
1024 421 1210 507 ἐγράψαμεν
1230 428 1347 488 πολλα-

243 558 294 608 ιιις
312 528 392 617 πρός
407 528 483 604 τινός
503 532 557 611 τῆς
578 524 734 610 Πάτρας,
755 528 923 599 σταλέντος
943 525 1011 588 ἐκεῖ
1031 526 1088 589 τοῦ
1109 521 1298 605 Πελλάναν,
1323 518 1346 587 ά

242 633 419 713 συνέτυχον
454 630 524 692 ἐκεῖ
549 628 690 710 λέγοντες
709 623 819 701 αὐτοῖς
846 624 901 688 καί
920 622 995 708 περί
1015 615 1059 687 ὧν
1080 620 1195 701 ἔταξαν
1215 624 1260 709 τρῖ
1277 626 1346 687 Πε-

244 730 348 818 διάτη.
391 726 422 793 οἱ
442 729 479 791 δὲ
507 727 714 808 ἀντέγραψαν
742 721 825 809 πρός
851 724 936 808 ἡμᾶς
956 720 1117 797 πολλάκις.
1159 720 1241 804 πλην
1260 722 1346 805 σ’κρί-

243 853 331 895 νοντα
364 834 440 912 παρ’
469 822 559 909 ἡμῶν
587 825 731 890 niddense
741 872 753 905 ,
785 821 831 899 oie
860 820 954 888 καίό
979 818 1088 905 καιρός
1112 817 1219 899 ἔδειξε.
1261 822 1376 897 τὲλος5

174 919 177 925 ’
244 929 421 1014 ἐστήσαμεν
450 926 504 991 ἵνα
535 923 589 989 διά
623 924 737 999 νυκτός
765 926 954 1005 βαδίσαντες
984 920 1167 1004 εόρεθοῖμεν
1189 922 1234 995 εἰς
1252 914 1347 985 τόπον

243 1034 376 1133 πλησίον
404 1030 467 1092 ταῖν
501 1026 600 1111 ὁρίων
631 1026 696 1089 τοῖν
716 1023 897 1107 Πατρηνοῖν
917 1022 1128 1103 ἀμπελώνων,
1153 1015 1346 1098 καλεόμενον

243 1132 289 1203 είς
309 1128 368 1203 τάς
385 1136 470 1211 τρεῖς
491 1128 655 1208 ἐκκλησίας
662 1176 672 1205 ,
696 1126 733 1189 αἳ
758 1116 936 1187 παλαιόθεν
956 1114 1052 1205 ἦσαν·
1103 1121 1204 1182 ἐκεῖσε
1236 1118 1272 1180 δὲ
1293 1115 1347 1179 εὖ·

243 1229 367 1311 ρεθῶσι
388 1225 443 1289 καί
467 1222 497 1289 οἱ
517 1216 702 1307 ἅνθρωποι,
732 1224 789 1287 καί
809 1217 976 1305 όηλοόσωσι
999 1214 1212 1292 πλατύνοντες
1230 1213 1269 1280 τά
1292 1212 1346 1279 διό

243 1329 394 1412 γραφῆς,
426 1326 483 1391 καί
510 1326 542 1388 εί
566 1327 626 1403 μὲν
656 1316 741 1408 ἦσαν
769 1316 911 1403 δυνατά,
941 1321 1156 1403 ἐνεργηθῶσι,
1182 1318 1213 1382 εί
1240 1318 1269 1379 δ’
1290 1307 1399 1394 σά,το

246 1426 438 1507 εἰσέλθωμεν
461 1426 609 1510 φανεραῖς
630 1426 817 1486 ἀποκλεῖσαι
840 1419 875 1486 τό
897 1423 1044 1502 κάστρον,
1066 1416 1122 1481 καί
1138 1416 1181 1492 ὥς
1203 1418 1286 1502 φέρῃ
1308 1411 1345 1479 τό

246 1528 354 1612 φέρον.
395 1525 451 1587 καί
471 1524 542 1588 ἰδού
566 1523 754 1605 ἐγράψαμεν
776 1518 1002 1604 προστάγματα
1024 1516 1105 1601 πρὸς
1135 1512 1253 1590 πάντας
1273 1509 1348 1586 τεός

246 1628 281 1688 s’s
301 1626 340 1709 τῇ
352 1624 490 1706 περιοχῇ
509 1624 566 1702 τῆς
582 1616 717 1701 ’ίθοόμης
738 1618 795 1684 καί
810 1616 1005 1701 Ἀνδροόσης
1017 1620 1051 1682 ίν
1064 1619 1110 1703 spi
1130 1611 1349 1699 Μεσσηνιακηῖ

246 1722 351 1810 κόλπιρ
376 1722 431 1784 καί
448 1721 510 1783 τεόν
533 1714 598 1781 ἔσω
619 1716 676 1779 καί
689 1713 750 1795 ἔξω
773 1718 887 1799 ζυγῶν,
912 1718 962 1781 ἵνα
985 1719 1023 1803 τῇ
1042 1713 1151 1803 πράτη
1173 1716 1229 1777 τοῦ
1247 1714 1349 1793 Μαρ-

245 1820 315 1887 τίου
344 1817 442 1902 μηνός
470 1818 526 1882 τοῦ
556 1816 659 1880 αὐτοῦ
690 1812 782 1891 ἔτους
812 1812 932 1879 ἔλθωσι
952 1812 1047 1893 ’μετά
1081 1809 1186 1877 όπλων
1213 1812 1269 1875 καί
1286 1811 1402 1879 ssim

247 1917 401 1985 πλειόνων
425 1912 604 2001 ἀνθρώπων
624 1916 682 1998 τῆς
705 1913 809 1998 ἀρχῆς
830 1909 900 1987 ἑνός
921 1907 1055 1976 ἑκάστου
1077 1912 1197 1991 αὐτῶν,
1219 1910 1274 1973 καί
1293 1904 1348 1973 oii-

248 2042 311 2094 τως
331 2019 486 2092 τακτικοῖς
509 2018 646 2079 διελθεῖν
665 2012 721 2079 τόν
740 2010 838 2077 τόπον
852 2015 909 2077 τοῦ
928 2016 1108 2097 πριγκίπσο,
1131 2008 1187 2075 καί
1207 2013 1350 2092 δοχθεῖσι

248 2122 304 2181 καί
323 2112 591 2198 συναπαντὴσωσι
623 2110 678 2177 τόν
704 2110 775 2176 νεόν
805 2111 964 2194 ου’θὲντην
991 2109 1214 2193 εἰσερχόμενον
1242 2112 1276 2175 ἐν
1304 2110 1351 2197 τῷ

247 2217 467 2300 Μεσσηνιακρῖ
488 2212 592 2300 κόλπρι
613 2216 669 2275 καί
682 2215 797 2293 ζυγοῖς.
841 2206 957 2289 ὁμοίως
978 2209 1121 2293 ἐμηνύθη
1143 2212 1199 2272 καί
1217 2211 1262 2295 τῷ
1275 2215 1349 2275 Λα·

248 2315 360 2401 σκάρει
380 2315 509 2401 Ἀλεξίρ
534 2316 578 2399 τῷ
599 2313 634 2375 ἐκ
647 2314 833 2393 Βοοτίτζης.
857 2305 1001 2383 ἐλθόντες
1022 2302 1080 2372 οὖν
1101 2304 1290 2392 ἐκινήθημεν
1309 2308 1403 2373 ov'no

250 2413 304 2478 διά
326 2416 383 2497 τῆς
404 2410 482 2476 ὁδοῦ
502 2414 559 2494 τῆς
579 2408 660 2494 πρός
680 2408 737 2495 τήν
751 2402 890 2490 Ἄσσον,
925 2405 1005 2471 α’λλά
1029 2405 1084 2471 eisd
1102 2410 1158 2491 τῆς
1177 2408 1210 2483 ε”ξ
1230 2402 1350 2471 εὐωνό-

328 2608 350 2641 ι.
368 2584 568 2661 εὖρισνόμενος
584 2590 604 2641 P
705 2603 729 2639 a.
747 2580 822 2659 πρός
840 2582 890 2646 οὓς
908 2588 1061 2655 συνέτυχον
1076 2586 1115 2655 spi
1131 2584 1263 2658 Παδιίιτη
1272 2624 1281 2650 ,
1300 2588 1351 2639 καῖ

324 2658 509 2730 ἀντέγραψαν
525 2659 554 2709 Μ
631 2668 656 2727 η’.
673 2663 805 2730 πατρίων
826 2654 960 2729 ἀμπέλων
977 2658 996 2707 P
1088 2674 1124 2707 ιο.
1143 2650 1177 2722 ἦν
1195 2656 1350 2712 roratur?

329 2748 368 2783 ιι.
385 2734 435 2785 καὶ
451 2728 662 2800 ἀποκλείσωμεν
681 2731 701 2785 Ρ
772 2746 815 2781 nr.
830 2734 878 2795 τῆς
893 2733 960 2799 περὶ
977 2723 1101 2799 (recredi)
1121 2721 1171 2783 τόν
1191 2718 1348 2799 dispessis?

252 2886 381 2942 Lascaris,
399 2885 472 2935 inter
486 2900 611 2953 proceres
623 2882 698 2935 iilius
716 2882 813 2935 domus
830 2883 966 2951 princeps,
986 2881 1020 2932 sd
1040 2880 1243 2949 gubernandam
1260 2881 1350 2933 bosti-

253 2964 321 3007 tzam
333 2956 443 3007 relictus
455 2963 497 3005 est
514 2954 609 3024 ibique
625 2956 763 3007 remansit„
785 2956 814 3005 in
825 2955 894 3005 viarn
905 2955 986 3021 igitur
1001 2969 1029 3003 se
1041 2950 1127 3014 dedit,
1142 2960 1173 3003 nt
1183 2951 1350 3020 significavi,

252 3025 448 3080 Constantinus
465 3026 588 3095 despota,
607 3024 732 3079 dominus
750 3041 836 3087 meus,
856 3041 959 3075 mecum
974 3023 1033 3073 solo
1051 3023 1079 3074 in
1094 3038 1123 3074 re
1134 3023 1254 3074 Patrensi
1269 3020 1349 3073 adiu-

246 3098 312 3149 'sors
323 3116 330 3162 ς
344 3112 486 3167 quomque
496 3096 660 3147 Glarentzae
670 3112 795 3157 essemus,
806 3094 918 3146 Pedinte
932 3096 1030 3147 nuntio
1042 3094 1092 3157 usi,
1102 3110 1183 3162 saepe
1195 3094 1350 3165 scripsimus

251 3168 286 3219 ud
297 3169 437 3219 Patrenses
455 3166 490 3218 de
510 3167 553 3229 iis,
575 3182 645 3236 quae
658 3182 717 3217 cum
732 3164 846 3217 Pedinte
859 3174 971 3234 egerant
986 3166 1248 3232 constitueruntque,
1265 3171 1350 3232 utque

250 3239 295 3290 iili
318 3254 399 3309 snepe
421 3237 502 3289 nobis
533 3238 741 3306 rescripserunt:
773 3252 844 3307 quae
871 3244 963 3289 tamen
990 3234 1176 3287 iudicabamus
1206 3234 1265 3285 fieri
1293 3250 1351 3286 non

250 3326 352 3381 posse:
380 3308 410 3361 id
437 3312 512 3381 qnod
536 3317 642 3376 tempus
665 3306 797 3377 probauit.
816 3306 926 3359 tandem
956 3306 1161 3368 constituimus,
1187 3312 1219 3356 ut
1237 3313 1350 3356 noctur-

250 3396 288 3433 no
308 3381 406 3432 itinere
425 3380 454 3431 in
472 3380 562 3431 iocum
576 3377 677 3429 finibus
695 3379 862 3429 Patrensium
885 3379 1038 3429 vinetorum
1063 3378 1180 3427 vicinum
1208 3384 1351 3427 nos'con·

251 3451 400 3515 ferremus,
416 3468 432 3501 a
450 3450 539 3501 tribus
558 3449 679 3501 ecclesiis
697 3458 891 3517 nuncupatum,
912 3466 982 3519 quae
1002 3464 1034 3499 ex
1049 3448 1130 3515 longo
1143 3445 1207 3499 inde
1227 3454 1351 3515 tempore

252 3522 291 3573 ibi
310 3530 402 3574 erent:
419 3520 516 3573 eodem
534 3519 578 3574 ilii
602 3536 630 3571 se
651 3520 820 3583 conferrent,
840 3528 869 3571 et
887 3537 956 3590 quae
975 3519 1154 3587 scripsissent,
1171 3517 1282 3587 plenius
1302 3532 1352 3569 co-

251 3608 307 3643 ram
327 3601 513 3661 exponerent;
542 3600 624 3661 utque
641 3606 674 3641 ea
701 3590 723 3641 si
744 3590 856 3661 quidem
880 3598 971 3642 essent
996 3588 1143 3651 eiusmodi,
1163 3596 1194 3639 ut
1211 3588 1270 3639 fleri
1286 3602 1353 3657 poe-

251 3671 325 3726 sent,
345 3664 457 3714 fierent:
477 3663 519 3713 sin
533 3663 641 3725 minus,
666 3668 760 3730 aperte
780 3661 813 3713 ad
833 3660 930 3731 oppidi
954 3659 1126 3711 obsidionem
1145 3657 1353 3728 aggrederemur

252 3742 282 3784 et
299 3735 517 3801 permitteremus
543 3749 599 3783 rem
622 3742 742 3784 nostrsrn
766 3732 899 3784 fortunae.
928 3732 994 3782 item
1023 3728 1057 3780 ad
1076 3746 1169 3781 onmes
1186 3732 1216 3781 in
1236 3728 1353 3781 circuitu

250 3801 372 3854 Ithomes
389 3803 573 3867 etdndrusae,
593 3802 627 3855 ad
643 3804 732 3854 sinum
741 3802 937 3855 Messeniacuru
955 3810 982 3853 et
1001 3802 1071 3853 intra
1088 3800 1131 3851 vel
1145 3810 1220 3853 extra
1236 3808 1353 3852 tractum

250 3873 329 3926 ilium
343 3873 506 3938 habitantes,
519 3875 682 3943 scripsimus,
693 3883 724 3925 ut
736 3874 856 3926 calendis
866 3874 971 3925 Martiis
982 3870 1102 3923 eiusdem
1115 3872 1180 3923 anni
1192 3888 1252 3923 curn
1263 3872 1353 3933 armis,

251 3960 388 4013 manuque
401 3946 514 3997 militari
531 3961 592 3995 non.
606 3946 701 4013 exigua
717 3944 830 3996 ditionis
856 3960 920 3995 sune
951 3942 1070 4013 quilibet
1096 3941 1240 4007 adessent,
1264 3950 1292 3994 et
1311 3942 1351 3992 ita

252 4016 377 4068 instructi
408 4016 476 4068 fines
506 4016 635 4085 principis
664 4017 826 4078 transirent,
854 4021 1082 4083 occurrerentque
1114 4029 1185 4066 nouo
1214 4012 1350 4081 principi,

227 4102 345 4156 ‘versus
363 4088 451 4139 sinum
472 4086 669 4139 Messeniucum
697 4095 725 4137 et
746 4086 824 4137 iilum
856 4094 971 4137 tractum
1001 4082 1170 4153 procedenti.
1205 4082 1277 4134 idem
1295 4084 1350 4133 uo·

253 4158 356 4211 stitzam
378 4158 474 4210 diesin
495 4157 601 4210 bascari
621 4158 775 4212 nuntiatum
789 4167 837 4211 est.
874 4172 923 4211 nos
940 4157 1009 4212 vium
1028 4172 1083 4209 non
1097 4171 1165 4219 eam,
1185 4170 1258 4225 quse
1275 4163 1351 4207 trans
