3042 4817
824 3 998 43 ΜὛ-
1072 3 1089 16 v

245 261 301 325 ue
327 258 690 330 messusourcmu
709 259 878 328 nxcmro
893 261 1118 328 ιιιιτιιιτιο.
1148 233 1236 348 499

145 409 286 476 susinum
317 415 380 476 τοῖν
399 407 506 493 ἔνδον,
535 400 598 476 οὔτ’
626 412 757 489 ἐξωθεῖν
786 409 906 488 αιῖτοίς
932 405 1018 495 εἶχεν
1039 412 1145 488 οὐδείς
1164 413 1235 478 osld‘

145 511 315 591 ὁπωσοῦν,
348 505 459 576 τούτου
477 513 749 595 προβεβλημένον)
776 508 875 574 πολλα
898 510 1013 576 τούτου
1035 514 1236 576 κατέσπασαν

145 613 193 686 είς
211 608 331 695 εἰίαφος
351 614 451 691 μέρη,
472 601 545 674 ὥστ’
572 605 658 690 ἔχειν
678 610 811 674 εἰσιέναι
832 614 1034 694 παμπληθεῖς
1055 613 1089 675 ἐν
1109 611 1155 698 rq'i
1174 633 1235 690 με.

144 707 225 788 seiri
256 712 319 774 seir
341 711 456 789 τειχῶν
485 704 590 795 τόπηι,
622 704 778 788 κλίμακάς
800 729 835 771 τε
855 709 1033 788 είσκομίσαι
1053 712 1123 790 μετ’
1141 709 1234 793 ειίχε-

114 809 247 892 ὅρείας,
267 805 323 871 καί
341 807 469 881 ταύταις
488 803 528 870 τὰ
547 809 629 889 μέγα
650 814 754 889 τεῖχος
776 809 981 891 ἐπαναβῆναι.
1022 805 1158 890 βάσιμον
1179 802 1235 874 οὖν

143 907 181 974 τὰ
203 905 264 985 ἔξω
283 907 491 989 πεποιήκεσαν
520 907 725 988 διατείχισμα
751 909 863 972 τοῦτον
882 905 937 972 τὸν
958 903 1084 990 τρόπον,
1107 905 1162 972 καί
1178 909 1293 998 sigas,

143 1009 267 1090 τοξικῆς
297 1004 446 1079 πολλάκις
464 1007 519 1088 τῆς
541 1001 687 1089 ἡμέρας,
722 1002 804 1070 ἀλλὰ
836 1005 876 1088 δὴ
899 1003 954 1069 καί
973 1007 1027 1084 τῆς
1048 1003 1158 1080 νυκτὸς
1178 1007 1235 1070 οὐκ

143 1107 304 1189 η’μίλουν,
331 1105 389 1168 τοῦ
410 1108 528 1188 μικροῦ
554 1109 680 1186 τείχους
711 1099 762 1170 ὅτε
790 1103 870 1186 πρὸς
897 1103 1097 1170 κατάστασιν
1115 1099 1235 1192 ᾔεσαν·

144 1208 213 1281 παῖς
230 1201 289 1287 γὰρ
312 1198 351 1268 uir
374 1201 447 1284 ἔχον
463 1199 544 1284 μετα
557 1205 697 1277 πλείονος
710 1201 899 1288 ὑπορύττειν
918 1205 1028 1280 αἰίείας
1050 1197 1138 1286 αὗτό,
1160 1203 1236 1280 τούς

94 1306 200 1369 ιοὲπί
217 1305 275 1368 τοῦ
287 1307 431 1382 μείζονος
449 1307 572 1384 τείχους
592 1305 623 1366 εἰ
641 1300 685 1386 μη
706 1311 774 1378 τοῖς
786 1305 911 1384 βέλεσιν
931 1301 1081 1385 οἷπεῖργον
1100 1301 1146 1388 μή
1166 1311 1235 1371 κατ’

144 1402 252 1467 αὐτῶν
273 1401 329 1465 καί
346 1397 475 1476 τούτους
497 1395 614 1480 ὁμοίως
633 1409 750 1484 χωρεῖν
766 1397 821 1464 καί
838 1399 877 1465 τοὶ
900 1402 1106 1484 παραπλήσια
1131 1403 1211 1486 δρᾶν
1222 1429 1235 1484 ,-

143 1498 225 1585 πλην
242 1503 300 1566 καί
318 1495 420 1574 οὕτως
439 1501 507 1564 odd’
528 1495 620 1580 ἡμεῖς
642 1501 821 1581 η’μελοῦμεν
844 1502 903 1564 τοῦ
924 1497 1002 1566 κατὰ
1024 1497 1160 1584 δύναμιν
1182 1498 1236 1584 ἕρ·

141 1624 209 1683 you.
250 1599 344 1665 uides
378 1602 415 1664 δὲ
444 1602 506 1664 τῶν
525 1592 629 1662 ἄλλων
657 1595 829 1679 ἐχρώμεθα
856 1601 895 1684 τῇ
928 1601 1104 1686 καλουμένῃ
1128 1605 1244 1688 σκιυη,Ι

144 1694 183 1783 ἧς
210 1693 289 1783 ἦχον
310 1701 371 1779 μὲν
400 1697 555 1782 ἧκοιίομεν
584 1698 700 1777 μόνον,
722 1693 815 1779 ἔργον
834 1699 871 1761 δὲ
893 1697 1037 1762 οὐδέποτ’
1059 1697 1184 1778 εἴδαμέν
1203 1723 1235 1763 τι

96 1797 302 1882 ιὸλαμπρόν,
321 1799 495 1864 seleucim
514 1799 631 1879 πολλῆς
653 1797 687 1860 ἐν
707 1795 785 1879 ἡμῖν
805 1789 902 1880 οὔσης
923 1799 980 1880 τῆς
1004 1797 1235 1884 ἐσκευασμένης

141 1901 284 1983 βοτάνης,
304 1895 447 1982 α’φειιλῶς
466 1917 500 1961 τε
523 1895 602 1960 κατὰ
624 1893 726 1960 πάντα
746 1896 857 1977 καιρὸν
879 1889 1138 1981 ἅναλισκομίνης.

246 1994 275 2061 ι’.
321 1998 418 2061 Ταῦτ’
442 1986 500 2058 οὖν
518 1995 573 2059 ἐπί
591 1996 696 2076 τρισίν
722 1986 805 2076 ἦσαν
825 1989 957 2078 ἡμέραις
977 1995 1137 2077 γινόμενα.
1181 1995 1237 2058 καί

141 2097 310 2182 τηνικαῦτα
338 2095 377 2179 dp'
396 2117 477 2170 τινες
505 2089 621 2158 ἔντεσι
648 2096 712 2158 τῶν
732 2096 846 2176 τειχῶν
873 2095 1002 2175 μέρεσιν
1020 2091 1140 2170 ἔξωθεν
1160 2095 1237 2174 περί

142 2201 242 2278 με’σας
262 2195 375 2268 νύκτας
395 2191 510 2273 ἰόντες,
539 2194 592 2275 τῆς
612 2191 767 2275 ἡμετέρας
793 2191 961 2276 κηδόμενοι
979 2194 1148 2276 σωτηρίοις,
1172 2193 1234 2256 ποῖ-

88 2322 132 2364 20
142 2319 202 2360 σαν
211 2291 287 2377 ἡμῖν
297 2292 377 2374 πρὸς
392 2289 527 2371 πόλεμον
540 2288 801 2376 παρεσκευάσθαι
813 2287 871 2372 τήν
891 2287 1047 2372 στρατιὰν
1057 2293 1232 2372 προαγγίλ.

140 2401 263 2471 λουσιν,
287 2391 363 2458 ὅσον
384 2415 417 2456 τε
438 2394 513 2475 περί
530 2388 584 2456 τὸν
604 2385 785 2474 Μουριὶτην
803 2384 908 2469 πεζόν,
931 2391 987 2452 καί
1003 2392 1060 2470 τῆς
1081 2389 1234 2473 τετάρτης

139 2492 261 2578 ἡμέρας
281 2488 497 2577 διαυγασοὶσης
510 2485 684 2571 βούλεσθαι
703 2490 777 2552 καθ’
795 2486 887 2573 ἡμῶν
906 2480 962 2573 ὅλη
976 2487 1112 2569 δυνάμει
1132 2511 1234 2571 κεχω-

209 2677 236 2730 9.
253 2659 353 2733 ελχονλ
440 2674 484 2711 τι.
501 2656 555 2730 yet

140 2799 288 2853 suffodiens
306 2799 408 2870 (neque
429 2796 501 2846 enim
519 2793 643 2845 custodes
661 2789 792 2852 ederent,
810 2788 959 2841 imminutis
976 2785 1184 2852 habitatoribus,
1202 2798 1231 2844 et

139 2872 279 2943 qui'intus
298 2877 391 2930 erunt,
420 2883 468 2915 eus
498 2866 570 2914 forus
599 2863 718 2931 pellere,
737 2877 797 2910 curn
816 2860 890 2909 obvii
910 2858 1100 2920 obiicerentur,
1119 2860 1230 2911 minime

138 2941 280 3012 velebant)
302 2941 435 3008 potiorem
458 2935 534 2986 illius
561 2941 664 3001 pestem
692 2931 721 2980 in
747 2930 833 2980 solum
865 2930 1006 2992 disiecere,
1023 2937 1055 2980 ut
1072 2929 1125 2980 iem
1139 2929 1229 2984 editus

138 3011 346 3083 quamplurimis
366 3009 395 3058 in
407 3005 526 3058 medium
543 3004 615 3054 intes
627 3019 717 3054 muros
736 3001 853 3068 spatium
888 3007 981 3061 uteret,
999 2999 1150 3069 liceretque
1169 3007 1230 3054 tuto

138 3083 226 3134 mles
238 3080 367 3132 invehere
385 3086 414 3130 et
424 3093 550 3144 maguum
565 3090 668 3126 ιτιιιιιιιττ
686 3069 848 3134 escendere3
867 3017 1039 3140 dexteriorem
1058 3071 1151 3140 itaque
1169 3087 1229 3121 mn·

138 3171 196 3204 rum
215 3153 266 3203 lroc
283 3149 365 3202 modu
386 3147 508 3220 pervium
530 3143 581 3197 sibi
601 3143 713 3212 fecere3)
732 3149 761 3192 et
779 3141 886 3208 saepius
904 3137 1023 3192 interdiu
1045 3141 1154 3207 sagittus
1173 3141 1227 3192 irn-

136 3224 251 3294 pellere,
270 3241 286 3274 s
303 3235 416 3292 querum
436 3221 508 3270 iectu
525 3231 560 3268 sse
577 3222 658 3268 noctu
684 3211 795 3282 quidem
813 3211 960 3272 abstinere,
979 3209 1042 3262 dum
1062 3211 1096 3261 ud
1115 3227 1227 3280 parvum

137 3311 243 3347 murum
262 3296 291 3346 in
309 3295 420 3364 pleuurn
438 3283 632 3342 effundendum
650 3281 809 3353 procedunt.
846 3296 901 3350 quo
920 3280 1020 3334 etenim
1036 3289 1115 3350 pecto
1133 3297 1225 3334 secure

137 3367 216 3416 illum
234 3365 367 3418 urtlodere
384 3361 549 3432 potuissent,
565 3356 596 3409 ni
614 3355 643 3406 iu
656 3354 756 3406 meiere
775 3368 851 3404 muro
871 3359 970 3404 stantes
989 3349 1113 3404 homines
1132 3351 1225 3404 lunulis

137 3435 310 3506 impedirent,
330 3453 365 3487 ue
382 3434 446 3485 illus
463 3429 553 3482 adorti
569 3426 669 3479 similia
692 3422 911 3476 msehinurentur
937 3430 966 3474 et
983 3421 1121 3474 lucerent?
1156 3431 1227 3473 ette-
1333 3413 1336 3422 '

136 3525 200 3559 meu
218 3524 309 3578 neque
327 3508 378 3557 ists
399 3504 517 3561 ratione,
536 3513 572 3548 ne
590 3513 657 3566 opus
669 3503 790 3546 nostrum
808 3509 857 3562 pro
873 3491 974 3544 viribus
993 3509 1140 3560 ageremus,
1159 3495 1226 3542 effe.

137 3587 241 3630 cerunt.
278 3578 326 3628 sed
337 3586 401 3628 aute
419 3574 474 3625 slis
492 3587 527 3622 eo
539 3567 682 3620 utebamur
699 3566 889 3626 instrumento,
907 3563 984 3614 cuius
1000 3563 1143 3632 strepitum
1162 3571 1225 3614 tsn-

136 3657 193 3700 tum
211 3647 322 3698 ensibus
344 3643 576 3716 percipiebsrnus,
594 3637 695 3690 luctum
714 3651 788 3698 vero,
810 3633 884 3703 quud
903 3631 1030 3704 equidem
1052 3632 1225 3700 innotuisset,

135 3735 275 3788 nunquam
292 3717 417 3776 vidimus,
435 3716 502 3768 lieet
517 3709 637 3781 pulveris
655 3706 808 3776 prespersti
837 3705 914 3774 copie
932 3703 1085 3756 abundaret
1100 3711 1129 3756 et
1146 3703 1227 3772 lurgi-

133 3797 180 3841 tsr
194 3789 359 3859 profuseque
380 3787 453 3837 omni
471 3793 594 3850 tempore
614 3781 804 3830 insumeretur.

209 3877 250 3910 ro.
286 3861 361 3910 llaec
387 3858 468 3925 igitur
490 3853 611 3906 triduum
640 3847 812 3918 gerebantur.
839 3843 966 3898 nonnulli
986 3841 1114 3914 deinceps
1131 3843 1161 3895 in
1180 3859 1226 3896 ex·

133 3938 226 3982 ternus
251 3931 321 3980 muri
339 3935 429 3997 pestes
443 3934 524 3978 nocte
543 3921 633 3974 medin
654 3918 805 3990 progressi,
835 3915 869 3966 de
895 3915 982 3968 salute
1000 3922 1092 3968 nostre
1110 3913 1226 3978 soliciti,

61 4010 63 4019 '
133 4002 290 4052 universum
315 3999 463 4051 exercitum
487 3994 667 4063 peditesque,
686 3990 734 4058 qui
752 3989 885 4040 Muruteru
903 3983 1099 4056 sequebantur,
1120 3985 1154 4036 ed
1173 4003 1225 4056 pu-

133 4071 272 4138 gnandum
292 4086 352 4122 esse
370 4067 552 4136 pamtissimos
570 4060 784 4132 praenuncient,
802 4059 949 4126 statimque
967 4063 1050 4124 etque
1068 4055 1126 4106 dies
1143 4073 1226 4126 quar·

132 4152 179 4195 tus
197 4142 327 4204 illuserit,
346 4139 477 4194 sdversus
493 4152 544 4191 nos
561 4133 665 4188 cunctis
682 4127 784 4184 viribus
797 4127 995 4200 aggressionem
1012 4127 1158 4194 lecturum,
1172 4143 1223 4178 nn-
