3042 4817
268 236 350 341 stt
566 256 740 322 ceoucu
775 258 1017 323 cursurum

261 410 443 498 θερμότητα
458 410 513 493 τῆς
531 410 639 491 ψυχῆς
652 411 708 474 κατ’
722 406 778 492 τήν
790 413 954 473 συντονίαν
972 410 1028 492 τής
1050 404 1207 493 δεήσεως,
1221 412 1295 473 καθ’
1317 432 1357 492 ην

262 514 319 579 καὶ
339 511 529 578 σιωπώντων
541 504 650 573 ἀτοόει
669 506 688 571 ό
702 505 805 585 θεός.”
828 500 918 591 ήοάν
934 508 1009 590 ἀμἰι
1028 510 1109 591 μήτε
1125 532 1156 572 τι
1171 512 1357 593 προλαμβά-

261 637 362 679 νουσα
381 603 731 696 τροφιμουήποσιμου,
750 608 830 691 μήτε
852 608 1008 689 ὁμιλοῦσα
1026 607 1063 672 τό
1084 606 1181 691 τυχόν
1202 606 1278 673 ἀνευ
1298 610 1358 671 τοῦ

262 718 338 777 καθ’
355 709 479 794 ήμόραν
510 710 683 789 ἐρχομένου
715 705 827 789 ἱερέως
855 710 900 782 εἰς
929 705 962 772 τό
981 706 1236 789 μεταλαμβάνειν
1257 704 1358 789 αάτήν

264 816 329 877 τάν
347 808 446 875 θείων
462 809 664 891 μυστηρίων,
686 806 755 871 τότε
777 808 832 873 καί
851 806 910 881 τός
932 816 1046 891 χεῖρας
1066 806 1122 871 καί
1139 805 1215 883 τοός
1233 805 1387 893 tutat-5

263 908 346 993 μυός
365 910 413 984 εἷς
432 904 485 972 τόν
515 902 654 989 ου’ρανόν
676 902 813 989 αἴρουσα
837 906 892 971 καὶ
918 906 1120 992 συγχώρησιν
1146 909 1282 972 αἰτοῦσα
1300 912 1359 969 λα-

263 1017 334 1095 βεῖν
349 1004 485 1089 ὕστερον
503 1004 749 1087 μετελάμβανεν.
793 1004 874 1069 ἀλλὰ
894 1004 951 1069 κατ’
967 1008 1027 1071 ’τοί
1036 1007 1193 1085 βασιλέως
1217 1003 1275 1089 stip
1296 1008 1359 1069 Ἰω-

265 1110 363 1173 όννου
383 1105 439 1171 κατ’
457 1106 520 1169 τάν
541 1108 717 1169 δεσποινυῑν
731 1104 788 1169 κατ’
806 1098 911 1170 ἀλλων
924 1110 1048 1169 πολλῶν
1062 1102 1212 1181 πολλάκις
1226 1126 1361 1189 προσερ-

264 1210 409 1291 χομένων
439 1204 537 1291 αάτῇ,
560 1203 641 1269 ἀλλά
674 1202 712 1287 δή
737 1207 792 1269 κατ’
812 1205 882 1270 τότε
905 1202 958 1269 διὰ
981 1205 1163 1269 τελευταίαν
1184 1201 1283 1288 εάχήν
1304 1196 1362 1287 ἀρ·

265 1303 387 1390 χόντων
407 1307 465 1369 κατ’
484 1297 768 1385 ἀρχοντισσαῖνναί
788 1305 937 1389 ε’γνρότων
959 1302 1175 1387 ἱερομονάχων
1189 1308 1244 1367 κατ’
1262 1327 1362 1384 μονα.
1376 1328 1414 1369 ιο

266 1408 346 1487 χῶν,
368 1406 496 1469 ἀνένευε
511 1405 568 1467 καί
589 1402 792 1488 συγχώρησιν
812 1406 866 1469 κατ’
885 1401 985 1489 τάχήν
1005 1402 1163 1488 ἐχορήγει.
1187 1407 1243 1469 κατ’
1263 1391 1365 1479 oinos}

239 1507 465 1585 Βδιαρκὲσασα
489 1500 610 1587 ἡμέρας
631 1499 712 1567 insci
733 1500 814 1587 πρός
834 1502 944 1587 νόριον
964 1499 1153 1588 ἀξεδήμησε,
1180 1505 1235 1568 κατ’
1262 1502 1365 1587 ε’τάφη

267 1600 441 1690 φιλοτίμως
460 1596 707 1686 συνδραμόντων
726 1600 842 1683 σχεδόν
863 1602 990 1667 πόντων
1016 1604 1081 1667 τεόν
1108 1601 1219 1687 ἱερέων
1238 1600 1365 1687 ἱερομο·

266 1702 391 1784 νάχων,
411 1702 532 1784 νλητάν
553 1699 608 1764 κατ’
626 1697 779 1782 ἀκλήτων,
803 1698 966 1784 ἀρχόντων
978 1701 1034 1767 καί
1045 1702 1269 1789 ἀρχοντισσάν,
1312 1699 1369 1767 κατ’

268 1803 371 1867 ταῦτα
383 1800 443 1881 μὲν
463 1796 504 1883 δή
526 1792 627 1874 cirne
646 1795 780 1881 ἔχεικαὶ
801 1800 943 1883 ἀληθοῦς.
1378 1810 1415 1871 ι5

351 1899 382 1963 6.
423 1900 586 1977 Κτιμένου
606 1920 669 1977 μου
692 1889 798 1965 οάνέν
818 1900 857 1984 τῇ
879 1901 1008 1985 φρουρᾷ
1027 1897 1365 1985 ήμὲραςτεσσαράνιον·

268 2022 326 2079 τα,
349 1998 394 2072 ἀς
413 1988 550 2080 ήλθενή
573 1988 667 2080 ἑορτή
688 1998 743 2078 τῆς
764 1996 890 2080 μνήμης
908 2000 963 2061 τοῦ
978 2002 1198 2081 ε’λεοθερωτοῦ
1209 2003 1273 2065 τεόν
1293 2000 1366 2083 αι’χ-

268 2099 425 2182 μαλώτων
445 2092 537 2179 ἀχνόυ
564 2092 849 2180 μεγαλομάρτυρος
869 2100 900 2161 Γ
899 2100 1056 2180 εωρχιόυ,
1085 2094 1221 2185 ἐδεήθην
1250 2102 1364 2179 τοῦδε,

269 2196 314 2273 σός
334 2194 420 2279 κάχαό
429 2196 461 2259 Γ
458 2192 586 2279 εάρχιος
598 2196 653 2259 κατ’
673 2192 842 2260 παιδιόθεν
864 2198 975 2270 δοῦλος
996 2191 1108 2278 aizoo,
1130 2198 1183 2262 ἳνα
1203 2196 1365 2283 λυτριόση-

269 2300 328 2363 ται’
343 2320 385 2379 με
413 2300 476 2361 τῶν
504 2295 615 2359 δεινοῖν
647 2292 705 2358 κατ’
723 2296 867 2375 δεσμῶν·
917 2299 973 2359 κατ’
1000 2296 1251 2382 ἀφυπνιασθείς,
1276 2296 1364 2378 ἔδοξέ
1374 2324 1415 2365 no

269 2420 325 2479 μοι
347 2395 524 2481 εὖρεθήναί
539 2416 580 2475 με
609 2394 655 2471 εἷς
677 2391 714 2459 τό
735 2396 921 2475 περικαλλὲς
944 2391 1032 2479 ἀμιον
1053 2399 1178 2479 τέμενος
1198 2397 1303 2463 αάτοῦ
1326 2395 1362 2462 τό

242 2581 246 2588 ’
335 2558 364 2641 όν.
383 2583 667 2662 προσλαμβάνονσαῖ
754 2591 781 2643 6.
800 2590 895 2681 teptis
913 2584 1142 2677 bassumpunt
1213 2658 1226 2677 υ
1246 2606 1284 2641 ιι.
1303 2590 1363 2673 tre:

284 2711 287 2718 .
338 2660 879 2804 ζιερτιὶῐξὸοροθέεηεχθρηῗωγηιοὸρειχον
901 2658 932 2726 δη
960 2665 1008 2713 ναὶ
1035 2662 1154 2727 atreus.
1189 2678 1258 2727 αυιη
1285 2662 1363 2715 diso

269 2932 305 2968 ne
330 2916 534 2969 contentionem
559 2918 633 2969 vocis
659 2924 688 2969 et
706 2914 905 2968 vehementiam
936 2917 1060 2981 noveris,
1085 2918 1139 2986 (res
1167 2916 1238 2967 enim
1263 2916 1363 2969 sanctis

164 3050 169 3061 ς
269 2988 398 3040 indecora
416 2990 516 3039 clamor
532 2990 583 3058 est)
601 2986 650 3039 sed
670 2990 849 3042 attentionem
864 2988 961 3038 ruentis
978 2996 1006 3039 et
1024 2987 1155 3038 fervorem
1174 2988 1256 3038 animi
1275 2998 1304 3038 et
1322 3004 1365 3038 er-

269 3060 364 3112 dorem
380 3060 559 3127 precationis,
580 3058 680 3129 quibus
700 3058 739 3123 tit,
762 3068 794 3111 ut
814 3058 895 3109 etiam
913 3066 1033 3109 tacentes
1051 3056 1118 3109 deus
1133 3056 1250 3109 audiet³²
1271 3066 1364 3109 sancte

269 3132 354 3200 igitur
376 3147 427 3182 nec
450 3130 541 3181 cibum
567 3146 619 3181 nec
649 3138 756 3199 potum·
775 3126 913 3191 sumebat,
945 3144 996 3179 nec
1022 3129 1189 3199 loquebatur
1213 3130 1365 3199 quidquam

268 3202 322 3253 nisi
343 3218 403 3252 cum
422 3200 576 3262 secerdote,
595 3201 642 3270 qui
670 3199 705 3251 nd
725 3216 784 3251 eam
806 3200 904 3251 divinis
917 3200 1050 3267 mysteriis
1065 3200 1270 3269 impertiendum
1292 3216 1363 3270 quo·

269 3272 339 3325 tidie
360 3270 603 3335 ventitabst3tu1u
629 3288 723 3321 mantis
749 3278 777 3321 et
797 3272 890 3321 oculos
917 3272 945 3322 in
973 3271 1077 3321 coelum
1103 3270 1232 3323 attollens
1260 3278 1288 3323 et
1314 3286 1363 3323 ve-

270 3346 342 3396 niam
354 3340 461 3394 delictis
483 3342 538 3393 suis
556 3350 660 3410 petens,
681 3341 766 3393 divini
788 3342 908 3409 mysterii
928 3342 1063 3411 particeps
1084 3340 1172 3393 fiebat.
1192 3343 1260 3412 quin
1282 3344 1363 3395 etiam

271 3414 429 3485 imperatori
455 3413 569 3465 Iohanni
600 3421 629 3463 et
646 3412 790 3481 despuenis
819 3413 935 3481 aliisque
960 3411 1053 3463 multis
1071 3413 1230 3482 frequenter
1248 3429 1276 3465 se
1292 3414 1362 3465 insi-

270 3484 408 3545 eentibue,
425 3490 454 3535 et
471 3484 518 3554 qui
539 3491 595 3535 tum
612 3491 724 3552 propter
742 3482 850 3534 uitimus
879 3484 937 3533 eius
956 3500 1049 3551 preces
1068 3500 1126 3534 eam
1145 3482 1282 3545 visebant,
1300 3485 1364 3535 viris

271 3568 300 3610 et
313 3555 421 3608 seminis
438 3554 598 3615 illustribus,
616 3562 644 3605 et
656 3553 778 3622 probetis
791 3552 1006 3605 hieromouuchis
1020 3563 1048 3605 et
1067 3551 1206 3605 monacbis
1225 3553 1365 3605 abnuebat

271 3626 397 3680 ndeuntie
417 3628 522 3695 copiam
524 3640 680 3704 precesque
692 3624 832 3676 fundebat.
845 3626 882 3675 its
900 3642 983 3694 quum
999 3624 1110 3677 vixisset
1127 3624 1184 3676 dies
1199 3634 1311 3747 septem,
1329 3624 1365 3676 eci

272 3697 412 3750 dominum
432 3696 518 3759 abiit,
538 3705 565 3748 et
581 3696 689 3765 sepulta
708 3704 749 3746 est
766 3694 924 3757 honorifice,
944 3695 1068 3746 omnibus
1089 3713 1218 3765 propemo
1240 3714 1284 3748 um
1301 3696 1364 3747 bie-

270 3769 450 3830 romonscbis,
465 3768 567 3820 vocatis
586 3776 614 3818 et
631 3766 806 3829 nonvocntis,
827 3774 855 3818 et
865 3766 1027 3835 primoribus
1046 3767 1188 3836 utriusque
1206 3784 1285 3819 sexus
1300 3784 1366 3819 con-

271 3838 450 3891 currentibus.
469 3848 552 3908 etque
573 3837 640 3889 baec
656 3836 768 3907 quidem
786 3834 853 3887 tolia
872 3845 981 3888 suntet
1000 3835 1033 3886 nd
1050 3838 1192 3889 veritatem
1211 3846 1328 3889 narrata.

342 3911 369 3961 6.
406 3910 461 3977 Ego
477 3927 559 3980 quum
570 3908 599 3959 in
618 3925 723 3960 carcere
740 3906 850 3959 fuissem
869 3906 926 3959 ‹iiee
945 3906 1122 3975 quadraginta
1135 3908 1297 3979 adessetque
1317 3910 1365 3961 iux

272 3978 361 4033 diecto
378 3982 522 4032 memoriae
540 3979 629 4049 magni
648 3980 771 4045 martyris
796 3979 881 4030 sancti
900 3977 1030 4045 Georgii,
1049 3978 1213 4047 captivorum
1234 3980 1365 4033 liberato-

272 4054 317 4115 ris,
334 4052 495 4121 suppliciter
511 4050 583 4103 hune
601 4051 706 4119 rogari,
725 4059 757 4101 ut
775 4049 962 4118 cognominem
974 4065 1017 4099 me
1036 4059 1091 4101 eta
1109 4067 1192 4119 puero
1205 4054 1288 4121 ipsius
1307 4052 1365 4103 cui-

273 4134 360 4179 torem
383 4123 497 4175 miseriis
525 4132 553 4175 et
569 4122 685 4175 vinculis
704 4122 829 4191 eriperet.
855 4129 913 4173 tum
931 4136 1024 4173 somno
1044 4138 1200 4191 oppressus,
1218 4122 1289 4175 visus
1307 4140 1365 4175 curn
