3042 4817
236 259 303 365 ‘un
319 298 687 365 aunsssmurcmsr
715 297 1124 364 nacturousunnuo.
1162 273 1243 388 5²7
1304 317 1315 340 ι

148 453 262 533 μίλσι,
285 453 341 534 τής
369 451 497 526 δλπίδος
526 451 641 536 σαφοῦς
672 446 912 532 διημαρτηκόσι.
957 444 1059 513 πάντα
1088 445 1147 534 γάρ
1178 443 1245 515 άνω

151 550 208 615 καί
227 547 312 615 κάτω
328 549 489 634 γεγόνασι,
518 546 554 613 τά
586 553 646 613 τοῦ
675 545 780 630 λόγου.
830 549 885 610 καί
904 547 925 630 ή
946 547 1036 622 πόλις
1065 543 1172 633 ὥσπερ
1197 569 1246 626 τις

149 652 232 726 ναῦς
266 652 301 714 ἐν
337 649 467 732 πελάγει
503 651 730 730 περιοχεθεϊυα
760 648 864 712 κακῶν
899 652 1124 732 περιφέρεται,
1156 650 1246 733 δίκην

25 736 26 743 ¹
56 774 61 782 ·
151 751 278 830 άνίμιιν
307 752 370 813 τοῖν
406 751 477 812 καθ’
515 745 651 832 ἑκάστην
674 752 774 812 εἰπεῖν
802 743 1042 826 συμπιπτόντων
1073 749 1246 832 ταραττόν-

121 836 228 916 ‘jaare⁸
245 843 349 932 αάτήν
384 851 440 912 καί
473 851 606 922 ναυτίας
639 849 754 931 πολλῆς
792 848 849 912 καί
873 847 993 929 ἰλίγγου
1023 847 1245 932 πληρούυτων,

151 953 208 1014 καί
237 952 384 1031 καθαράς
417 941 528 1023 εύδιάς
566 947 729 1030 ἐπιτυχεῖν
771 938 886 1012 ούκουν
923 941 1066 1028 ἐόντων,
1106 947 1183 1010 aridi
1210 943 1246 1010 rb

150 1049 208 1132 τής
233 1047 358 1132 εἰρήνης
379 1047 435 1112 καί
451 1048 598 1130 νηνεμίας
620 1043 723 1112 ἱστίον
754 1042 938 1110 πετάσαυαν
958 1044 1039 1129 πρὸς
1059 1048 1170 1126 λιμένα
1190 1069 1247 1108 κα·

151 1149 215 1214 teir
243 1149 422 1232 ἐφθακέναι
450 1147 569 1229 στῆναί
585 1169 621 1210 τε
649 1147 697 1210 ἐπ’
718 1145 864 1229 τδγκυρῶν
894 1143 1074 1230 αὐφαλειλνς
1102 1144 1159 1210 καί
1189 1145 1247 1224 μί-

153 1271 220 1312 νων
239 1241 429 1312 άυύλευτον.
480 1246 561 1310 &osi
582 1247 619 1309 δὲ
637 1233 702 1329 ἆρα
723 1247 817 1309 τούτο
845 1235 885 1308 da
907 1241 958 1325 εἴη
979 1244 1033 1308 καί
1052 1245 1107 1327 τῆς
1128 1243 1248 1308 ἐκεινου

103 1346 267 1431 ιοοαφοίς
286 1347 533 1429 πηδαλιουχίας,
563 1347 783 1429 καταπραῧναι
804 1345 864 1424 μὲν
881 1340 921 1407 τά
945 1345 1009 1407 τοῖν
1029 1344 1249 1426 ἐπερχομένων

153 1444 380 1530 κοροφούμενα
397 1443 534 1526 κύματα,
555 1442 670 1510 tutam
690 1445 727 1508 δὲ
747 1441 827 1528 πρὸς
847 1441 993 1526 γαλήνην,
1015 1437 1072 1508 καί
1087 1445 1250 1527 σωτηρίαν

153 1546 366 1629 propinandas,
385 1546 441 1608 καί
460 1545 573 1608 δοῦναι
593 1543 742 1627 πρύμναν
769 1537 970 1626 κρούσασθαι
990 1547 1048 1606 τού
1064 1545 1175 1607 λσιποά
1195 1543 1253 1605 καί

153 1647 289 1709 πλεῦσαι
310 1642 480 1729 δεύτερον,
501 1636 520 1705 ύ
541 1665 635 1728 φασι,
659 1643 777 1722 πλοῦν,
798 1645 1083 1725 μεταβεβλημένων
1103 1635 1249 1705 ἁπάντων

25 1824 26 1827 ¹
111 1807 114 1810 .
155 1743 210 1808 ε’πί
227 1742 264 1808 τύ
285 1747 411 1824 βέλτιον
436 1743 494 1808 καί
519 1738 540 1804 δ
567 1745 710 1806 συναίτιοι
730 1744 772 1830 τῇ
789 1739 900 1822 πόλει,
929 1737 1173 1820 μεσιτεύσαντος
1191 1741 1251 1806 τού

25 1846 26 1851 ’
106 1841 325 1926 ιῖιήμεδαιιού
342 1842 559 1926 τροπαιούχου
579 1841 636 1905 καί
654 1839 838 1925 μάρτυρος,
860 1841 917 1906 καί
934 1841 998 1905 τῶν
1020 1841 1076 1922 τῆς
1099 1838 1250 1922 πατρίδος

155 1942 272 2005 οἰάκων
303 1933 402 2016 αύθις
435 1943 535 2007 εἰπεῖν
564 1941 817 2022 ἐπιλαβομένου,
837 1941 894 2004 καί
920 1935 1000 2023 πρὸς
1018 1939 1076 2022 τήν
1096 1935 1250 2022 τοσαύτην

154 2045 219 2106 τῶν
252 2040 428 2124 συμφοράν
458 2039 626 2104 θάλασσαν
654 2043 695 2125 τῇ
723 2035 842 2104 ἑαυτοῦ
869 2043 1075 2123 χρησαμένου
1105 2035 1249 2118 δυνάμει.

153 2143 277 2222 γένοιτο
312 2142 348 2202 δὲ
368 2137 412 2223 μή
431 2140 491 2202 ουἰν
512 2139 558 2214 εἰς
577 2135 723 2222 μακράν,
745 2136 818 2228 ἶλίηι
839 2142 997 2204 τοῦ’θευδ
1019 2141 1306 2232 ἐπιβλέψαντοςηη,

154 2229 288 2320 ὄμματι,
308 2239 363 2302 καί
378 2241 748 2324 φιλανθρωπευοαμίνου
761 2235 910 2322 συνήθως
929 2239 981 2324 ἐφ’
1001 2231 1049 2314 οἷς
1069 2235 1169 2302 αύτόν
1188 2259 1251 2300 πα-

103 2341 354 2423 αορυργιζομιν.

239 2433 299 2520 κβ.
346 2437 454 2501 Ταῦτα
474 2436 508 2511 ta
529 2437 625 2519 δεύρο
645 2433 936 2522 παρηκολούθηκεν,
957 2439 988 2502 sl
1008 2437 1066 2500 καί
1084 2435 1250 2502 τινα-τού.

158 2560 222 2600 των
244 2533 333 2618 ήμεῖς
354 2530 478 2611 ἑκόντες
499 2535 554 2600 διά
573 2533 627 2601 τάν
648 2537 759 2616 καιρὸν
786 2540 841 2600 καί
861 2534 919 2622 τήν
940 2536 1097 2620 ἡμετέραν
1117 2537 1194 2620 περί
1212 2535 1248 2600 τδ

157 2640 260 2718 λέγειν
295 2636 467 2700 cantarana
493 2643 684 2720 παραλιπεῖν
712 2638 784 2702 δίον
813 2640 1008 2722 κεκρίκαμεν.
1055 2633 1249 2724 κάπειδήπερ

160 2842 329 2911 longioribus
348 2843 403 2895 oris
420 2843 495 2894 illius
514 2845 663 2914 potiundae
682 2843 819 2897 desiderio
847 2843 1030 2908 exardebant,
1054 2861 1100 2897 eos
1119 2847 1160 2897 sai
1178 2846 1253 2898 ‹lesi-

161 2916 242 2976 derii,
261 2911 310 2966 sed
326 2929 376 2964 nos
402 2929 514 2982 quoque
536 2915 565 2966 iu
584 2932 644 2967 eam
666 2915 811 2968 reditionis
828 2917 958 2984 paenitet,
977 2930 1036 2966 cusu
1052 2931 1113 2985 spes
1132 2919 1252 2969 melioris

159 2994 246 3039 status
265 2985 375 3054 penitus
395 2982 505 3036 sublata
524 2985 568 3037 sit.
614 3002 714 3055 susque
739 2986 829 3056 deque
848 2987 919 3037 euim
937 2988 1027 3038 omnia
1047 2988 1117 3038 lacta
1135 2997 1206 3052 sunt,
1222 2997 1254 3041 ut

159 3055 303 3128 proverbio
322 3055 527 3122 circumtectum
546 3063 575 3106 et
592 3055 673 3120 urbs,
689 3058 776 3109 veluti
798 3057 872 3109 navis
892 3059 948 3108 alto
968 3059 1098 3109 malorum
1117 3059 1184 3108 mari
1202 3076 1253 3127 op-

159 3143 270 3198 pressa,
297 3125 501 3193 circumagitur:
531 3134 674 3179 ventorum
704 3130 777 3179 enim
806 3129 907 3190 instar,
937 3145 1007 3198 quae
1025 3129 1137 3197 singulis
1156 3129 1253 3182 diebus

160 3204 392 3260 occursantem
409 3197 593 3248 interturbant
611 3205 640 3248 et
656 3215 756 3250 nasrsea
776 3200 963 3268 vertiginrque
981 3201 1126 3268 complent,
1145 3207 1173 3252 et
1190 3217 1253 3252 vera

160 3269 245 3339 potiri
260 3267 355 3337 quiete
372 3284 429 3318 nou
446 3268 617 3336 permittunt,
634 3269 695 3320 vela
716 3269 782 3321 licet
799 3271 871 3340 pacis
886 3279 914 3322 et
929 3269 1135 3340 tranquillitatis
1151 3287 1273 3340 expres

161 3339 243 3402 derit,
261 3347 293 3390 ut
310 3337 345 3388 sd
363 3346 471 3406 portum
494 3337 629 3390 bonosum
656 3341 794 3409 appellat,
820 3348 849 3392 et
871 3357 1027 3393 ancorarum
1045 3343 1188 3396 securitate
1208 3343 1254 3392 iir-

159 3417 258 3471 nretur,
275 3417 436 3478 maneatque
453 3409 621 3460 inconcussa.
657 3409 702 3460 dei
721 3412 802 3478 igitur
816 3413 906 3475 luerit,
925 3419 953 3463 at
968 3411 1042 3462 illius
1056 3413 1136 3482 plane
1154 3412 1253 3482 guber-

160 3479 296 3541 nationis,
314 3497 402 3530 rerum
423 3477 625 3530 advenientium
645 3481 763 3533 tumidos
784 3481 880 3534 fluctus
902 3481 1010 3546 sedare,
1041 3484 1075 3534 ad
1093 3483 1251 3553 tranquilli-

161 3559 244 3603 tatem
262 3549 385 3616 dirigere,
406 3551 519 3600 salutem
531 3550 645 3617 elargiri,
663 3551 866 3623 concedereque
885 3561 916 3605 ut
934 3553 964 3604 in
982 3561 1120 3623 posterum
1138 3555 1252 3624 puppim

161 3621 330 3674 inhibeamur
348 3629 378 3671 et
393 3619 511 3672 secunda
528 3622 708 3688 navigatione,
730 3622 805 3692 quod
824 3622 932 3686 dicitur,
953 3631 1069 3687 utamur,
1080 3625 1204 3676 omnibus
1223 3625 1252 3676 in

162 3693 261 3744 melius
273 3691 427 3752 inmutatis,
443 3699 482 3753 ut,
496 3691 633 3760 quidquid
645 3694 737 3754 suerit,
750 3695 851 3745 civitati
869 3693 1011 3754 conducat,
1028 3693 1202 3763 deprecatore
1222 3711 1251 3746 se

161 3781 213 3834 pso
231 3761 310 3812 nobis
328 3762 476 3830 praebente
503 3771 596 3814 nostro
616 3764 747 3833 tropaeali
768 3773 800 3816 et·
821 3773 953 3832 martyre,
979 3781 1123 3835 rursusque
1148 3766 1251 3835 patriae

162 3831 344 3901 gubernacula
358 3832 530 3900 suscipiente,
548 3843 577 3885 et
594 3833 721 3886 adversus
737 3843 780 3886 tot
797 3835 979 3887 calamitatum
1000 3837 1155 3888 immodicos
1175 3853 1253 3888 snou-

162 3913 206 3956 tes
224 3919 301 3954 suam
318 3903 468 3969 potentiam
480 3914 641 3974 usurpante;
659 3922 750 3974 neque
769 3904 815 3956 diu
828 3903 929 3958 bonum
943 3905 1095 3970 differatur,
1114 3907 1166 3958 deo
1187 3925 1252 3976 pro-

163 3975 233 4045 pitio
253 3972 333 4024 oculo
356 3974 538 4042 inspectante,
566 3984 595 4027 et
620 3994 668 4028 suo
691 3991 767 4028 more
786 3975 944 4042 nobiscum,
962 3978 1011 4046 qui
1035 3979 1064 4030 in
1086 3994 1147 4030 eum
1165 3977 1254 4031 delin-

165 4048 289 4116 quimus,
310 4042 466 4095 lsumaniter
483 4053 590 4113 agente.

236 4130 280 4164 na.
317 4114 351 4164 Et
378 4113 445 4166 baec
461 4114 602 4186 bucusque
623 4133 790 4186 processere:
818 4115 883 4169 licet
906 4133 956 4170 nos
987 4133 1020 4168 ex
1048 4117 1103 4170 illis
1121 4115 1252 4188 quaedam

165 4193 274 4256 sponte,
292 4196 415 4255 tempore
433 4184 462 4236 id
483 4198 611 4256 poscente
630 4198 658 4241 et
674 4198 767 4242 nostra
792 4186 902 4241 dicendi
922 4186 1124 4254 imbecillitate,
1143 4189 1253 4244 silentio
