3042 4817
549 287 628 349 tre.
644 290 685 347 rr.
715 248 805 347 cap,
822 288 860 345 v.
1176 254 1256 356 143

157 433 356 521 ιιειρασμός,
378 437 436 500 καί
454 436 619 520 διήδῶμεν
638 441 694 520 τῆς
721 432 869 501 &soriano
893 429 973 517 δαδρ
997 432 1147 498 lucrios?
1185 431 1267 498 τόδε·

159 533 341 601 ἆκοιῖοασαι
362 538 464 600 πᾶσαν
486 538 709 620 προσέδραμον
742 535 824 623 αδτῇ
843 534 924 617 μετὰ
944 531 1112 618 δακρύων,
1136 534 1259 615 ἐξαιρέ-

157 660 222 711 τως
246 638 282 700 δδ
302 633 337 700 αἱ
361 640 419 719 τῆς
439 636 560 718 μητρός
576 660 640 715 μου
661 636 824 722 ἀδελφαί·
871 638 927 699 καί
946 631 1008 718 γὰρ
1031 626 1123 716 ἑτέρα
1136 628 1260 717 ἀδελφή

158 729 221 819 ήν,
242 730 377 818 ὕστερον
396 743 543 817 γεγονυῖα
561 736 688 819 κιίκείνή
717 732 843 819 μοναχή
868 735 923 797 καί
943 730 1138 815 ’δαοτακτική
1160 732 1261 813 αιῖτής

129 838 255 918 ὁκαλή.
314 837 519 918 προσέδραμε
547 832 649 918 aurita)
670 833 748 916 μετσὶ
772 833 943 917 δακρύων,
973 836 1194 925 αυνθανομένη
1211 825 1266 893 “u'

159 936 254 997 τοῦτο
278 932 298 996 δ
322 934 439 1015 λέγεις,
472 938 568 1017 κυρία
601 934 692 1017 ήμῶν
713 932 831 1018 ἁγίαςῃ
862 933 883 1018 ή
909 935 944 998 δὲ
972 926 1052 1016 αρδς
1075 928 1176 1005 ου’τδς
1196 927 1261 1015 ἔφη

153 1031 221 1117 “up
243 1036 413 1118 θροεῖσθε·
471 1030 488 1095 ὅ
510 1032 584 1109 θεὸς
606 1032 623 1095 ὅ
646 1034 859 1117 συγχωρήσας
886 1032 942 1096 τὸν
961 1026 1139 1112 πειρασμὸν
1163 1052 1260 1113 χορή-

159 1130 252 1213 γήσεε
283 1132 341 1195 καί
368 1132 425 1215 τήν
455 1130 609 1215 βοήθειαν
628 1134 685 1196 καί
713 1127 861 1197 διιῖλυσιν
883 1132 986 1195 αιίτοῦ
1008 1128 1046 1213 δή
1069 1132 1127 1194 τοῦ
1147 1154 1261 1213 πειρα.

159 1232 277 1308 operi?
316 1229 371 1295 καί
390 1226 557 1312 ἑπόμεναι
578 1228 719 1311 ἔψαλλον
750 1232 796 1307 εἰς
816 1228 873 1314 τήν
894 1230 1041 1295 θεοιόκον
1063 1226 1264 1313 παράκλησιν

110 1327 373 1415 τοδακρύουσαι.
429 1331 546 1396 τούτου
566 1332 604 1395 τί
620 1340 763 1415 κρεῖττον
786 1334 831 1407 εἰς
851 1331 1028 1414 μαρτύριον
1047 1332 1102 1414 τῆς
1122 1331 1168 1405 είς
1188 1326 1264 1394 θεὸν

160 1432 265 1514 αίτής
284 1434 401 1514 α’ρετής
421 1434 478 1495 καί
496 1428 703 1507 οἱκειυόσεως;
724 1431 847 1515 ζήσασα
871 1424 928 1495 οίν
951 1426 1055 1504 οὕτως
1077 1432 1187 1513 καλῶς,
1208 1426 1265 1493 καί

159 1527 263 1594 πολλοὶ
285 1532 331 1605 είς
350 1532 533 1613 μαρτυρίαν
551 1534 608 1614 τής
627 1526 742 1614 ἆρεεής
762 1532 857 1614 αίτής
879 1531 1040 1606 ἐπιδείξας
1062 1528 1078 1591 δ
1103 1530 1191 1608 θεός,
1212 1529 1264 1592 σε’-

159 1632 215 1705 λος
235 1627 289 1693 καί
309 1629 326 1692 δ
348 1628 487 1706 θάνατος
517 1632 619 1714 αιίτής
638 1633 743 1709 τίμιος
771 1628 911 1692 ἐναντίον
932 1628 1043 1709 κυριόυ
1067 1628 1189 1709 ἐγένετο
1210 1626 1266 1693 καί

161 1731 227 1792 τῶν
243 1729 424 1810 ἀνθρώπων
435 1733 567 1813 προέβη.
590 1729 726 1811 ἡμέραις
738 1721 799 1809 γάρ
811 1749 893 1789 τισιν
910 1722 1116 1807 α’σθενήσασα
1136 1725 1263 1807 μικρόν,

111 1832 218 1895 asum·
229 1825 335 1903 πάσας
345 1826 405 1902 ταὶς
414 1824 560 1909 μοναχοὶς
582 1831 695 1901 καιναῖς
708 1822 948 1906 νουθετήσασα,
970 1828 1026 1888 καί
1036 1824 1264 1913 ικαταλείψασα
1281 1866 1283 1875 =

161 1930 209 2001 είς
227 1925 286 2010 τήν
303 1926 466 2009 ὑποδοχήν
478 1930 534 2009 τῆς
548 1921 694 2010 ἀδελφῆς
712 1928 769 2007 τῆς
790 1924 870 2006 ἐμής
887 1918 1012 2007 μητρός,
1034 1921 1057 2007 ή
1076 1922 1132 1987 καί
1151 1929 1263 2008 πρῶτα

160 2028 208 2101 τίς
228 2023 346 2109 α’ρετήν
359 2029 416 2089 καί
435 2021 600 2108 δσοταγήν
615 2025 714 2106 αιίτής
734 2017 775 2105 ήν
796 2024 852 2087 καί
871 2021 975 2087 πάντα
997 2022 1036 2087 ui
1060 2026 1119 2087 τοῦ
1141 2030 1264 2089 κελλίου

161 2125 272 2190 αὐτῶν
292 2123 395 2209 ἐκείνη
416 2125 540 2206 δισίκει,
563 2116 634 2187 εἶτα
654 2122 699 2197 ὥς
718 2121 832 2198 ἔνθους
851 2126 1000 2208 γενομένη
1022 2123 1167 2208 ἐκάθητο,
1190 2124 1265 2201 τους

161 2225 225 2302 μὲν
246 2222 435 2309 ὀφθαλμοὺς
455 2218 576 2305 ἔχουσα
597 2226 870 2303 κεκαλυμμένους,
900 2218 935 2285 τό
960 2224 996 2287 δὲ
1020 2219 1123 2303 στόμα
1145 2222 1198 2289 αἐί
1218 2248 1265 2288 κι-

111 2346 155 2388 ao
163 2324 265 2387 νοῦσα
283 2321 366 2406 πρὸς
384 2319 504 2402 ὕμνους
523 2324 580 2385 καί
598 2322 803 2402 εὐχαριστίας
818 2318 894 2406 πρὸς
909 2320 1002 2386 θεόν·
1020 2340 1023 2349 ’
1045 2322 1186 2403 ε’μιμεῖτο
1204 2322 1265 2406 γὰρ

163 2418 299 2485 πάντοτε
319 2420 340 2505 ή
361 2419 438 2504 ἆγία
459 2417 495 2484 τὸ
512 2424 570 2484 τοῦ
590 2420 681 2485 θείου
701 2417 965 2504 χρυσορρήμονος
982 2418 1099 2504 πατρὸς
1121 2421 1216 2507 ῥητὸν
1230 2419 1265 2487 sti

163 2525 255 2603 λέγον
268 2518 336 2603 ιῗμή
355 2517 447 2585 τοῖσιν
460 2522 568 2605 φωνῆς
588 2520 703 2606 νοήσῃς
720 2518 776 2583 καί
792 2521 927 2602 μέγεθος
947 2522 961 2604 (
959 2524 1072 2603 χρῆμα
1093 2519 1154 2606 γὰρ
1171 2520 1269 2605 α’νάρ-

163 2643 283 2703 μοατον
302 2615 405 2703 ἁγίοις
426 2614 445 2703 ἦ
468 2616 605 2707 κραυγή)
628 2615 711 2683 etti
725 2616 760 2683 τδ
780 2620 890 2706 νοερὸν
902 2622 958 2705 τῆς
977 2620 1116 2697 διανοίας
1137 2622 1193 2686 καί
1210 2618 1268 2707 τήν

243 2794 285 2831 ιι.
303 2774 393 2838 οὕτως
411 2780 492 2832 οισΡ
579 2782 617 2834 13.
636 2780 685 2832 καὶ
700 2772 737 2831 τίι
754 2775 812 2835 τῶν
829 2776 849 2829 l'

167 2946 295 2999 dominus
325 2947 355 2997 in
377 2944 601 2999 sollicitationem
625 2946 737 3013 incidit;
764 2962 905 3016 precemur
931 2945 968 2998 ob
989 2962 1049 2998 eum
1067 2954 1179 2999 matrem
1198 2944 1266 2999 det?

167 3017 214 3070 lais
241 3016 361 3077 auditis,
384 3017 556 3070 lacrimantes
583 3016 697 3069 adeam
715 3026 891 3069 accurrerunt
910 3033 992 3087 quum
1010 3017 1147 3089 reliquae,
1165 3027 1222 3070 tum
1239 3020 1269 3072 in

166 3089 264 3160 primis
281 3088 374 3139 matris
390 3104 468 3141 meae
486 3105 599 3141 sorores.
618 3105 679 3141 nam
698 3088 784 3140 altera
808 3104 919 3159 quoque
942 3104 1017 3141 soror
1034 3096 1129 3158 postea
1146 3106 1175 3141 se
1194 3090 1268 3142 iece-

167 3168 212 3211 rat
229 3156 391 3211 monacham
418 3159 550 3231 illiusque
577 3175 606 3211 se
639 3159 793 3211 subiecerat
813 3160 936 3229 imperio.
954 3161 1049 3229 itaque
1075 3158 1142 3211 haec
1160 3176 1269 3231 quoque
1370 3214 1373 3223 ,

167 3247 231 3283 cum
249 3230 369 3282 lacrimis
383 3233 514 3293 accurrit,
536 3246 684 3301 quaerens:
698 3228 787 3300 “quid
807 3230 877 3282 illud
897 3238 953 3293 est,
973 3229 1047 3300 quod
1073 3230 1156 3292 dicis,
1178 3240 1271 3284 sancta

170 3300 282 3353 domina
300 3299 437 3353 nostra?”
460 3311 489 3354 at
500 3302 565 3353 illa:
582 3299 637 3353 “ne
655 3302 871 3364 tumultuamini,
893 3300 1000 3371 inquit;
1022 3301 1069 3370 qui
1082 3302 1271 3355 sollicitationi

167 3372 261 3423 locum
286 3370 364 3422 dedit
388 3370 471 3434 deus,
490 3370 617 3424 eiusdem
644 3372 725 3424 etiam
741 3372 908 3441 praesidium
938 3380 966 3423 et
983 3370 1131 3424 remedium
1148 3382 1271 3442 praesta·
1381 3398 1384 3409 ·

167 3440 238 3494 uir?
256 3444 350 3512 itaque
368 3443 434 3494 illas
451 3442 548 3495 flentes
559 3452 671 3495 matrem
686 3442 730 3494 dei
745 3443 929 3513 implorabunt
944 3442 1175 3513 celebrabantque
1192 3442 1271 3511 lrym-

167 3514 223 3565 nis.
242 3513 342 3565 haere
368 3513 436 3584 quid
453 3522 547 3584 potest
566 3530 626 3566 esse
648 3514 776 3565 disertius
802 3514 912 3567 virtutis
933 3514 1098 3585 pietatisque
1117 3516 1271 3570 testimoni-

168 3584 239 3638 um?
256 3585 297 3636 ita
315 3584 398 3652 igitur
416 3601 501 3655 quum
521 3586 616 3656 pulcre
638 3585 752 3636 vixisset
770 3592 799 3637 et
815 3586 1019 3637 sanctimoniam
1038 3588 1097 3637 eius
1116 3587 1208 3639 multis
1227 3603 1271 3639 re-

167 3654 224 3707 bus
245 3664 361 3707 testatus
381 3664 455 3708 esset
473 3657 558 3720 deus,
577 3654 688 3708 tandem
714 3673 786 3707 mors
805 3658 831 3707 ei
851 3656 967 3725 gloriosa
986 3674 1074 3709 coram
1092 3656 1200 3709 domino
1220 3657 1272 3709 ob-

169 3726 251 3795 tigit,
270 3742 357 3795 quae
385 3726 468 3779 rebus
492 3726 618 3779 humanis
639 3728 762 3778 excessit.
781 3744 844 3779 nam
872 3744 956 3797 quum
975 3728 1072 3780 leviter
1088 3728 1195 3799 aliquot
1213 3728 1272 3781 dies

171 3804 340 3866 aegrotasset
359 3806 388 3849 st
406 3798 552 3850 monachas
570 3799 750 3850 communiter
768 3796 803 3849 od
821 3800 951 3851 virtutem
972 3808 1042 3851 esset
1060 3798 1207 3860 cohortata,
1226 3817 1272 3852 εσ-

171 3884 261 3920 rorem
283 3868 377 3921 matria
394 3886 489 3933 meae,
507 3886 579 3939 quae
597 3870 627 3920 in
646 3870 705 3920 eius
726 3869 882 3935 integritate
905 3870 1038 3937 imitanda
1056 3878 1085 3922 et
1101 3870 1273 3925 subiectione

194 3940 259 3990 rima
278 3947 357 4003 erat,
378 3949 407 3991 st
425 3942 516 3991 omnia
534 3943 563 3992 in
582 3940 652 3993 celia
671 3940 745 3991 illius
772 3940 954 4010 procurabat,
972 3942 1001 3992 in
1019 3941 1107 3995 locum
1125 3960 1202 3995 tuum
1223 3942 1273 3995 ‹le-

170 3956 261 4080 regin
280 4008 382 4063 deinde
401 4017 531 4081 tanquam
548 4010 642 4063 divino
662 4010 757 4062 afflatu
777 4013 911 4063 concitata
929 4011 1050 4076 sedebat,
1070 4014 1169 4066 clausis
1188 4014 1274 4066 oculis

175 4088 206 4133 et
226 4079 310 4133 labiis
329 4080 365 4132 ad
388 4082 434 4133 dei
452 4082 547 4135 laudes
566 4090 594 4135 et
610 4084 754 4151 gratiarum
781 4084 902 4137 actiones
921 4100 1027 4154 semper
1044 4086 1132 4137 motis.
1151 4085 1276 4137 servabat

177 4151 254 4204 enim
281 4153 394 4205 omniuo
423 4162 516 4209 sancta
540 4152 624 4220 haec,
652 4152 726 4223 quod
752 4162 830 4225 pater
849 4170 929 4207 aurea
953 4154 1035 4210 verba
1054 4156 1171 4210 fundens
1190 4156 1271 4213 dicit:
