3042 4817
295 227 383 346 478
639 252 814 320 roluars
844 253 1036 322 ciuiuus

297 430 360 472 κων
378 397 430 467 ότι
447 402 468 487 ἦ
486 397 575 476 πόλις
603 401 767 486 σ’σρόκειτσ
791 407 866 486 παρ’
898 403 988 486 ἦμοῖν
1005 403 1323 488 σι’χμαλωτισθῆνατ,
1342 403 1392 480 αῖς

298 503 329 568 οἱ
359 503 458 588 σοφοί
474 503 530 584 τῆς
558 503 705 585 Περσίας
738 505 785 578 είς
817 501 874 566 τὸν
890 501 1008 585 καιρὸν
1035 505 1089 568 τοῦ
1115 500 1269 582 Modus&
1303 505 1391 586 ἐψη-

299 599 487 689 φοφόρησαν
514 598 589 683 περί
608 599 747 683 τούτου,
777 603 831 666 καί
850 593 944 684 εὗρον
973 597 1024 668 ότι
1044 603 1089 677 είς
1109 601 1143 664 τό
1165 598 1234 676 ἔτος
1255 603 1312 664 καί
1328 599 1390 664 τόν

298 705 384 784 μῆνα
404 695 536 783 κοίτην
562 699 684 784 ἡμέραν
703 697 820 784 ταότης
847 705 900 783 τῆς
927 693 1057 784 οῖ’ραςῆ
1091 698 1178 775 πόλις
1196 707 1272 785 παρ’
1297 699 1392 784 ἧμοῖν

298 797 463 882 πρόκειται
482 801 689 883 κρατηθῆναι.
740 803 796 862 καί
818 797 926 882 ἔμελλε
947 802 1205 882 intrepretatur
1227 795 1309 862 κατὰ
1329 798 1419 882 τὴνό

300 895 434 980 δόναμιν
447 901 509 962 ταῖν
529 897 669 982 ἀστέρων
690 895 746 961 καί
764 895 822 980 τὴν
845 902 958 982 τέχνην
980 901 1043 962 τοῖν
1072 899 1285 981 ἀστρονόμων.
1318 899 1389 982 οἶμη

298 997 475 1083 ἧγυναῖκα
493 997 593 1078 ἐκείνη
624 995 644 1078 ἦ
672 993 746 1072 dida
776 1001 921 1082 φοροῦσα
950 994 1004 1060 καί
1022 1000 1237 1080 σεριπατοοῖσα
1256 999 1315 1060 rosi
1331 995 1393 1060 κό-

299 1121 397 1182 στρου
418 1095 473 1161 κατ’
491 1097 552 1160 ταῖν
572 1093 807 1176 προμαχιονίων
820 1095 925 1162 ἐπάνω
948 1095 1080 1182 ἀφόβως
1100 1098 1157 1160 τοῦ
1171 1097 1309 1176 πολέμου
1330 1095 1393 1178 τὴν

300 1193 402 1279 κόραν,
432 1197 533 1278 ἐκείνη
565 1193 736 1276 α’ντίσραξτ
757 1193 815 1270 τός
847 1193 998 1277 δυνάμεις
1022 1199 1085 1258 τοῖν
1106 1188 1231 1276 οἴστρων
1253 1193 1309 1258 καί
1327 1195 1393 1278 τήν

299 1298 410 1377 τέχνην
428 1297 490 1358 τοῖν
510 1289 721 1376 ἀστρολόγων.
765 1291 845 1375 πλην
873 1289 930 1358 oda
952 1293 1013 1358 dud
1033 1297 1089 1377 γῆς
1112 1295 1186 1358 eddi
1207 1297 1239 1372 ἐξ
1259 1293 1389 1376 αὐθροό-
1404 1313 1436 1352 ιο

266 1413 368 1468 nrm
386 1392 443 1477 τὴν
467 1391 601 1472 δύναμιν
619 1386 720 1475 εἶχεν,
752 1391 823 1458 ἀλλ’
843 1395 877 1471 ἐξ
898 1395 1036 1478 ούρανοῦ
1054 1393 1107 1457 καί
1129 1390 1264 1476 αόρότου
1288 1394 1391 1458 δυνά·

298 1516 395 1574 μοως.
444 1488 562 1572 ὁμοίως
587 1495 643 1555 καί
679 1489 719 1554 τὰ
748 1492 971 1572 στρατεύματα
1003 1493 1108 1557 πάντα
1137 1495 1201 1556 τοῖν
1238 1491 1390 1576 Τοόρκων

298 1588 572 1675 ίσονεμαρττῖρουν
599 1584 734 1672 ἐνόρκως
767 1589 821 1655 τόν
839 1592 1031 1676 Μηρσαΐτην
1057 1593 1192 1671 ἐκείνου,
1222 1589 1276 1656 καί
1299 1593 1391 1674 ἐίση-

297 1693 408 1776 ηοτῖντο
428 1689 504 1774 πρὸς
522 1689 639 1765 πάντας
654 1685 704 1754 ότι
724 1693 782 1756 rosi
797 1691 935 1772 πολέμου
957 1688 1014 1776 την
1033 1685 1129 1774 αῖρον,
1150 1685 1226 1754 όταν
1242 1693 1286 1772 μὲ
1306 1691 1390 1774 θρό-

299 1813 377 1864 σοος
397 1788 452 1853 καί
470 1787 571 1873 ὁρμῆς
592 1789 769 1874 ἄκρατητοο
786 1785 935 1874 ἔφθασαν
944 1792 989 1864 εἰς
1000 1787 1040 1853 τό
1056 1793 1143 1872 τείχη
1157 1791 1215 1852 τοῦ
1235 1788 1388 1875 κόστρου,
1401 1797 1434 1861 15

300 1891 354 1954 iro
375 1891 537 1970 α’ναβαῖσιν
564 1889 671 1954 indam
705 1892 761 1954 καί
790 1886 928 1968 διοῖξωσι
950 1887 1025 1967 roric
1053 1887 1230 1970 Ῥωμαίους
1259 1892 1315 1954 κατ’
1331 1889 1391 1973 τήν

300 1987 394 2052 πόλιν
412 1989 680 2070 αἰχμαλωτίσουν,
700 1987 773 2054 τότε
794 1981 878 2054 εἶδον
897 1995 1031 2072 γυναῖκα
1052 1987 1123 2066 ὀξέα
1144 1987 1245 2072 ῥοῧκα
1267 1989 1391 2073 φοροῦ·

301 2112 363 2154 σαν
380 2084 436 2154 καί
454 2089 688 2172 τιτριττατοτῖσον
707 2087 814 2153 indam
835 2089 898 2152 τοῖν
918 2087 1153 2170 προμαχισνίων
1173 2090 1232 2151 rori
1253 2083 1315 2164 ἔξω
1334 2081 1392 2150 κό-

300 2211 411 2270 στρσο.
451 2189 507 2254 καί
526 2183 643 2271 ταότην
668 2183 797 2268 ἰδόντες,
816 2187 924 2262 σκότος
947 2189 1002 2252 καί
1023 2185 1102 2269 ζόλη
1124 2189 1180 2250 κατ’
1197 2183 1315 2270 τρόμος
1336 2183 1393 2248 καί

302 2285 403 2374 φόβος
424 2279 517 2372 ripam
544 2289 591 2362 τίς
621 2286 679 2362 τός
709 2283 820 2368 ψυχαῖς
848 2288 976 2370 εἰσῆλθε
999 2289 1061 2350 τοῖν
1080 2283 1214 2367 πάντων,
1236 2287 1293 2350 καί
1312 2280 1432 2368 norim

302 2384 409 2472 φορὴν
430 2381 579 2467 ἔβλεψαν,
600 2388 655 2450 καί
680 2389 725 2460 εἰς
755 2383 891 2466 πόλεμον
918 2379 992 2450 eddi
1021 2379 1108 2464 ὅλως,
1134 2385 1190 2448 καί
1208 2381 1271 2448 dud
1295 2381 1390 2448 dorri-

303 2481 387 2564 μεοῖς
404 2506 440 2549 το
458 2486 514 2548 καί
525 2485 644 2569 τέχνης.
664 2486 720 2566 τῆς
730 2482 879 2567 γυναικός
898 2481 958 2570 γὰρ
980 2482 1097 2566 ἐκείνης
1117 2481 1231 2564 ἔλαβον
1249 2479 1307 2564 τὴν
1325 2483 1390 2545 δετ-

204 2599 234 2658 9.
249 2589 385 2677 Ἠλίαν,
406 2584 462 2650 καί
483 2582 693 2670 ἠλευθερώθη
717 2578 739 2668 ἧ
759 2581 863 2660 πόλις.
912 2585 1034 2667 ἐγένετο
1055 2583 1212 2649 diruitur
1235 2579 1315 2646 κατὰ
1336 2577 1390 2645 τόν

302 2864 358 2910 stes
375 2864 459 2928 atque
476 2855 622 2912 adversarii
632 2859 718 2912 nostrl
735 2858 788 2912 boc
800 2852 955 2914 testimonio
974 2877 1022 2912 suo
1043 2856 1284 2920 constabiliverint,
1304 2855 1388 2909 multo

301 2927 471 2982 verissimum
479 2937 522 2982 est
530 2927 581 2980 boc
593 2932 776 2983 sanctissimae
790 2933 899 2999 virginis
909 2931 1077 2984 miraculum.
1094 2945 1211 3000 numque
1225 2928 1352 2980 Mersaita
1362 2935 1389 2979 et

301 2998 456 3068 patriarcba
473 2999 620 3052 Trimerum
640 2999 789 3054 affirmabat
805 3002 972 3071 propositam
990 3009 1054 3053 tuuc
1072 3001 1127 3051 illis
1147 3001 1230 3051 luisse
1253 2999 1389 3050 civitatem

301 3067 337 3121 ad
353 3069 492 3140 praedam,
507 3071 733 3140 quemadmodum
752 3073 801 3124 viri
817 3071 890 3124 decri
902 3073 996 3124 Persae
1015 3080 1102 3123 aetate
1116 3068 1283 3124 Mahomethi
1301 3071 1390 3122 calcu·

301 3139 432 3202 laverant,
450 3143 664 3214 inveneruntque
687 3143 741 3195 boc
759 3159 831 3194 auno
854 3158 946 3196 mense
976 3141 1085 3213 dieique
1105 3141 1171 3192 bora
1191 3139 1285 3192 urbem
1303 3158 1319 3191 a
1337 3157 1389 3192 no·

302 3209 345 3263 bis
362 3209 554 3265 debellandam
588 3229 662 3279 esse;
685 3222 714 3266 et
739 3211 860 3266 futurum
884 3213 912 3265 id
943 3223 1001 3266 crat
1029 3213 1139 3264 omnino
1163 3219 1295 3262 astrorum
1314 3211 1340 3260 ri
1362 3217 1391 3259 et

302 3290 515 3335 astronomorum
527 3283 658 3350 artifici03
674 3283 724 3336 sed
738 3284 879 3336 mulierem
895 3285 968 3336 illam
984 3285 1109 3338 violaceis
1124 3281 1244 3334 restibus
1258 3281 1389 3342 amictam,

302 3368 353 3424 per
369 3362 484 3406 castrum
501 3353 722 3407 obambulantem
750 3364 780 3406 et
804 3371 885 3424 super
915 3355 1114 3426 propugnacula
1144 3349 1299 3419 intrepide,
1327 3349 1389 3401 dum

303 3439 393 3492 pugna
412 3423 505 3488 initur,
523 3424 577 3476 vim
589 3433 718 3478 astrorum
735 3425 876 3478 obtudisse
888 3435 917 3477 ct
930 3425 1123 3492 astrologorum
1142 3421 1274 3486 artificia3
1295 3437 1389 3492 quam-

304 3495 345 3545 vis
365 3493 414 3545 illa
431 3511 487 3547 non
512 3511 529 3546 a
553 3503 625 3546 terra
654 3511 743 3568 neque
770 3515 803 3548 ex
822 3495 986 3554 hominibus.
1014 3495 1061 3546 sed
1079 3512 1093 3546 c
1112 3492 1188 3544 coelo
1207 3499 1235 3543 et
1256 3491 1388 3543 invisibili

304 3570 440 3634 potestate
460 3567 513 3617 vim
533 3563 682 3619 obtinebat
729 3565 855 3619 similiter
882 3569 1014 3620 exereitus
1037 3564 1152 3616 universi
1179 3562 1329 3614 Turcarum
1347 3563 1390 3613 iu-

305 3633 448 3686 reiurando
467 3636 609 3689 Mersaitac
633 3635 735 3688 dictum
752 3637 966 3701 confirmabant,
987 3647 1014 3688 et
1031 3635 1154 3689 omnibus
1172 3631 1322 3685 narrabant
1338 3651 1389 3702 pu-

302 3721 371 3772 gnae
389 3705 465 3767 hora,
484 3716 626 3776 postquam
643 3725 703 3759 cum
720 3709 832 3760 audacia
851 3717 879 3760 et
903 3709 1017 3778 impetu,
1034 3707 1080 3777 qui
1100 3705 1216 3757 coerceri
1235 3719 1291 3754 non
1311 3711 1388 3772 pote.-

302 3784 352 3838 rat,
370 3775 406 3826 sd
425 3793 515 3828 muros
533 3779 613 3829 castri
629 3789 815 3849 pervenerant,
834 3786 864 3830 ut
878 3779 1055 3831 ascenderent
1073 3776 1244 3844 Graecosque
1264 3773 1389 3840 fugarent

301 3843 452 3917 urbemque
471 3856 616 3916 caperent,
639 3849 739 3901 vidisse
756 3866 786 3901 se
807 3849 948 3902 mulierem
966 3848 1093 3901 violaceis
1114 3843 1231 3898 vestibus
1250 3843 1388 3904 indutam,

300 3913 518 3970 deambulantem
536 3935 617 3988 super
630 3919 832 3990 propugnacula
851 3921 992 3972 exterioris
1015 3918 1111 3984 castri;
1136 3932 1189 3986 qua
1213 3916 1270 3966 visa
1299 3918 1389 3966 statim

300 3985 419 4040 tenebris
438 3988 559 4058 procella
587 3991 681 4040 timore
706 4007 737 4041 ac
759 3999 876 4043 tremore
895 3997 1033 4060 correptos
1054 4003 1147 4040 omnes
1164 3988 1193 4036 iu
1210 3985 1300 4051 fugam
1319 4003 1348 4036 se
1362 3993 1388 4036 et
1450 4002 1456 4015 ·

298 4071 355 4108 non
373 4055 409 4108 ad
433 4057 535 4110 bellum
559 4058 680 4123 dedisse,
703 4069 733 4111 et
748 4061 775 4112 vi
801 4061 958 4132 indumque
982 4059 1059 4111 illius
1077 4055 1198 4111 mulieris
1216 4055 1388 4108 formidinem

298 4125 352 4180 sibi
371 4126 517 4181 immissam
542 4137 571 4183 et
589 4129 683 4184 urbem
711 4127 861 4184 liberatam.
904 4129 971 4183 lraec
987 4139 1076 4183 autem
1094 4133 1204 4200 peracta
1231 4134 1385 4180 santanae
